@article{wsnlocalizationsurvey,
 author = {Mao, Guoqiang and Fidan, Bar\i\c{s} and Anderson, Brian D. O.},
 title = {Wireless Sensor Network Localization Techniques},
 journal = {Computer networks},
 volume = {51},
 number = {10},
 year = {2007},
 issn = {1389-1286},
 pages = {2529-2553}
} 

@article{jahid2019hybrid,
  title={Hybrid power supply solutions for off-grid green wireless networks},
  author={Jahid, Abu and Monju, Kamrul Hasan and Hossain, Sanwar and Hossain, Farhad},
  journal={International journal of green energy},
  volume={16},
  number={1},
  pages={12--33},
  year={2019},
  publisher={Taylor \& Francis}
}

@inproceedings{naing2010estimation,
  title={Estimation of solar power generating capacity},
  author={Naing, Lin Phyo and Srinivasan, Dipti},
  booktitle={2010 IEEE 11th International Conference on Probabilistic Methods Applied to Power Systems},
  pages={95--100},
  year={2010},
  organization={IEEE}
}

@inproceedings{yesilbudak2016review,
  title={A review of data mining and solar power prediction},
  author={Yesilbudak, Mehmet and {\c{C}}olak, Medine and Bayindir, Ramazan},
  booktitle={2016 IEEE International Conference on Renewable Energy Research and Applications (ICRERA)},
  pages={1117--1121},
  year={2016},
  organization={IEEE}
}

@inproceedings{sen1999optimal,
  title={On an optimal algorithm for channel assignment in cellular networks},
  author={Sen, Arunabha and Roxborough, Tom and Sinha, Bhabani P},
  booktitle={1999 IEEE International Conference on Communications (Cat. No. 99CH36311)},
  volume={2},
  pages={1147--1151},
  year={1999},
  organization={IEEE}
}

@ARTICLE{8362652, author={H. H. R. {Sherazi} and G. {Piro} and L. A. {Grieco} and G. {Boggia}}, journal={IEEE Internet of Things Journal}, title={When Renewable Energy Meets LoRa: A Feasibility Analysis on Cable-Less Deployments}, year={2018}, volume={5}, number={6}, pages={5097-5108},}


@misc{maintenanceIoT,
author={{MachineMetrics}},
title={{Industrial IoT and The Move from Preventive to Predictive Maintenance}},
year={2020},
howpublished={\url{https://www.machinemetrics.com/blog/industrial-iot-and-the-move-from-preventive-to-predictive-maintenance}},
}


@misc{airIoT,
author={{GSMA}},
title={{Air Quality Monitoring with IoT and Big Data}},
year={2020},
howpublished={\url{https://www.gsma.com/iot/iot-big-data/smart-london-air-quality-monitoring-big-data/}},
}

@misc{wildfireIoT,
author={{IBM}},
title={How AI, IoT and Weather Tech Can Help Better Detect Deadly Wildfires},
year={2020},
howpublished={\url{https://www.ibm.com/blogs/think/2019/08/ai-detect-wildfires/}},
}

@misc{trafficIoT,
author={{TechRepublic}},
title={NYC launching IoT system to monitor traffic and reboot malfunctioning cameras},
year={2020},
howpublished={\url{https://www.techrepublic.com/article/nyc-launching-iot-system-to-monitor-traffic-and-reboot-malfunctioning-signals/}},
}

@misc{agricultureIoT,
author={{Business Insider}},
title={Smart Farming in 2020: How IoT sensors are creating a more efficient precision agriculture industry},
year={2020},
howpublished={\url{https://www.businessinsider.com/smart-farming-iot-agriculture}},
}

@misc{heatIoT,
author={{PHYS.ORG}},
title={Body heat through flexible fabric could power IoT devices for health monitoring for people, pets, machinery},
year={2020},
howpublished={\url{https://phys.org/news/2020-01-body-flexible-fabric-power-iot.html}},
}

@misc{lorahat,
title = {Dragino GPS/LoRa HAT},
year = {2020},
url = {https://www.dragino.com/products/lora/item/106-lora-gps-hat.html}
}

@misc{rpi3,
title = {Raspberry Pi 3 B+},
year = {2020},
url = {https://www.raspberrypi.org/products/raspberry-pi-3-model-b-plus/}
}

@misc{gatewayhat,
title = {RAK2245 HAT/Pilot Gateway},
url = {https://cdn-shop.adafruit.com/product-files/4284/4284_Get_Start_with_RAK2245_Pi_HAT_V2.4R.pdf},
year = {2020}
}

@misc{lmic,
title = {LMIC 1.6 for RPI GPS/LoRa HAT},
url = {https://github.com/wklenk/lmic-rpi-lora-gps-hat},
year = {2020}
}

@misc{cstack,
title = {ChirpStack LoRaWAN Network Server},
url = {https://www.chirpstack.io},
year = {2020}
}




@misc{solarIoT,
author={{PowerFilm Solar}},
title={Solar Power For Industrial IoT},
year={2020},
howpublished={\url{https://www.powerfilmsolar.com/about-us/the-horizon-blog/2018/07/06/solar-power-for-industrial-iot}},
}


@misc{vibration,
author={{Revibe Energy}},
title={Powering the Industrial IoT through vibrations},
year={2020},
url={https://revibeenergy.com}
}

@misc{Wind_turbine,
author={{Ilika}},
title={Low Power IoT Ecosystem},
year={2020},
howpublished={\url{https://www.ilika.com/about-ilika/low-power-io-t-ecosystem}},
}

@inproceedings{snow,
 author = {Saifullah, Abusayeed and Rahman, Mahbubur and Ismail, Dali and Lu, Chenyang and Chandra, Ranveer and Liu, Jie},
 title = {SNOW: Sensor Network over White Spaces},
 booktitle = {Proceedings of the 14th ACM Conference on Embedded Network Sensor Systems CD-ROM},
 series = {SenSys '16},
 year = {2016},
 isbn = {978-1-4503-4263-6},
 location = {Stanford, CA, USA},
 pages = {272--285},
 numpages = {14},
 url = {http://doi.acm.org/10.1145/2994551.2994552},
 doi = {10.1145/2994551.2994552},
 acmid = {2994552},
 publisher = {ACM},
 address = {New York, NY, USA},
 keywords = {OFDM, White space, Wireless Sensor Network},
} 

@inproceedings{snow2,
 author = {Saifullah, Abusayeed and Rahman, Mahbubur and Ismail, Dali and Lu, Chenyang and Liu, Jie and Chandra, Ranveer},
 title = {Enabling Reliable, Asynchronous, and Bidirectional Communication in Sensor Networks over White Spaces},
 booktitle = {Proceedings of the 15th ACM Conference on Embedded Network Sensor Systems},
 series = {SenSys '17},
 year = {2017},
 isbn = {978-1-4503-5459-2},
 location = {Delft, Netherlands},
 pages = {9:1--9:14},
 articleno = {9},
 numpages = {14},
 url = {http://doi.acm.org/10.1145/3131672.3131676},
 doi = {10.1145/3131672.3131676},
 acmid = {3131676},
 publisher = {ACM},
 address = {New York, NY, USA},
 keywords = {LPWAN, MAC Protocol, OFDM, Sensor Network, White space},
}

@ARTICLE{snow_ton, 
author={A. Saifullah and M. Rahman and D. Ismail and C. Lu and J. Liu and R. Chandra}, 
journal={IEEE/ACM Transactions on Networking}, 
title={Low-Power Wide-Area Network Over White Spaces}, 
year={2018}, 
volume={26}, 
number={4}, 
pages={1893-1906},
doi={10.1109/TNET.2018.2856197}, 
ISSN={1063-6692}, 
month={Aug}
}

@article{survey1,
  title={Primary user emulation attack in cognitive radio networks: A survey},
  author={Das, Deepa and Das, Susmita},
  journal={IRACST-International Journal of Computer Networks and Wireless Communications},
  volume={3},
  number={3},
  pages={312--318},
  year={2013}
}

@article{survey2,
  title={A survey on security attacks and countermeasures with primary user detection in cognitive radio networks},
  author={Marinho, Jos{\'e} and Granjal, Jorge and Monteiro, Edmundo},
  journal={EURASIP Journal on Information Security},
  volume={2015},
  number={1},
  pages={4},
  year={2015},
  publisher={Nature Publishing Group}
}

@INPROCEEDINGS{phase, 
author={R. Chen and J. Park}, 
booktitle={2006 1st IEEE Workshop on Networking Technologies for Software Defined Radio Networks}, 
title={Ensuring Trustworthy Spectrum Sensing in Cognitive Radio Networks}, 
year={2006}, 
volume={}, 
number={}, 
pages={110-119}, 
doi={10.1109/SDR.2006.4286333}, 
ISSN={}, 
month={Sept}
}

@article{rssi,
  title={Defense against primary user emulation attacks in cognitive radio networks using advanced encryption standard},
  author={Alahmadi, Ahmed and Abdelhakim, Mai and Ren, Jian and Li, Tongtong},
  journal={IEEE transactions on information forensics and security},
  volume={9},
  number={5},
  pages={772--781},
  year={2014},
  publisher={IEEE}
}

@inproceedings{freq,
  title={A PHY-layer authentication approach for transmitter identification in cognitive radio networks},
  author={Zhao, Caidan and Xie, Liang and Jiang, Xueyuan and Huang, Lianfen and Yao, Yan},
  booktitle={Communications and Mobile Computing (CMC), 2010 International Conference on},
  volume={2},
  pages={154--158},
  year={2010},
  organization={IEEE}
}

@article{time,
  title={Cooperative detection of primary user emulation attacks in CRNs},
  author={Le{\'o}n, Olga and Hern{\'a}ndez-Serrano, Juan and Soriano, Miguel},
  journal={Computer Networks},
  volume={56},
  number={14},
  pages={3374--3384},
  year={2012},
  publisher={Elsevier}
}

@inproceedings{modulation1,
  title={Detecting primary user emulation attack in cognitive radio networks},
  author={Pu, Di and Shi, Yuan and Ilyashenko, Andrei V and Wyglinski, Alexander M},
  booktitle={Global Telecommunications Conference (GLOBECOM 2011), 2011 IEEE},
  pages={1--5},
  year={2011},
  organization={IEEE}
}

@inproceedings{modulation2,
  title={Detecting primary user emulation attack in cognitive radio networks},
  author={Pu, Di and Shi, Yuan and Ilyashenko, Andrei V and Wyglinski, Alexander M},
  booktitle={Global Telecommunications Conference (GLOBECOM 2011), 2011 IEEE},
  pages={1--5},
  year={2011},
  organization={IEEE}
}

@inproceedings{modulation3,
  title={Specific primary user sensing for wireless security in IEEE 802.22 network},
  author={Luo, Zhenxing and Lou, Caiyi and Chen, Shichuan and Zheng, Shilian and Li, Shaowei},
  booktitle={Communications and Information Technologies (ISCIT), 2011 11th International Symposium on},
  pages={18--22},
  year={2011},
  organization={IEEE}
}

@inproceedings{channel1,
  title={Anti-PUE attack base on the transmitter fingerprint identification in cognitive radio},
  author={Zhao, Caidan and Wang, Wumei and Huang, Lianfen and Yao, Yan},
  booktitle={Wireless Communications, Networking and Mobile Computing, 2009. WiCom'09. 5th International Conference on},
  pages={1--5},
  year={2009},
  organization={IEEE}
}

@inproceedings{channel2,
  title={Channel-based detection of primary user emulation attacks in cognitive radios},
  author={Chin, Wen-Long and Tseng, Chun-Lin and Tsai, Chun-Shen and Kao, Wei-Che and Kao, Chun-Wei},
  booktitle={Vehicular Technology Conference (VTC Spring), 2012 IEEE 75th},
  pages={1--5},
  year={2012},
  organization={IEEE}
}


@inproceedings{approx1,
  title={An analytical model for primary user emulation attacks in cognitive radio networks},
  author={Anand, S and Jin, Z and Subbalakshmi, KP},
  booktitle={New Frontiers in Dynamic Spectrum Access Networks, 2008. DySPAN 2008. 3rd IEEE Symposium on},
  pages={1--6},
  year={2008},
  organization={IEEE}
}



@inproceedings{approx2,
  title={Detecting primary user emulation attacks in dynamic spectrum access networks},
  author={Jin, Zituo and Anand, Santhanakrishnan and Subbalakshmi, KP},
  booktitle={Communications, 2009. ICC'09. IEEE International Conference on},
  pages={1--5},
  year={2009},
  organization={IEEE}
}


@inproceedings{pathloss,
  title={ALDO: An anomaly detection framework for dynamic spectrum access networks},
  author={Liu, Song and Chen, Yingying and Trappe, Wade and Greenstein, Larry J},
  booktitle={INFOCOM 2009, IEEE},
  pages={675--683},
  year={2009},
  organization={IEEE}
}


@inproceedings{iris,
  title={Robust cooperative sensing via state estimation in cognitive radio networks},
  author={Min, Alexander W and Kim, Kyu-Han and Shin, Kang G},
  booktitle={New Frontiers in Dynamic Spectrum Access Networks (DySPAN), 2011 IEEE Symposium on},
  pages={185--196},
  year={2011},
  organization={IEEE}
}

@inproceedings{phynet,
  title={Anomalous spectrum usage attack detection in cognitive radio wireless networks},
  author={Sorrells, CaLynna and Potier, Paul and Qian, Lijun and Li, Xiangfang},
  booktitle={Technologies for Homeland Security (HST), 2011 IEEE International Conference on},
  pages={384--389},
  year={2011},
  organization={IEEE}
}

@inproceedings{rssi2,
  title={Anomalous spectrum usage attack detection in cognitive radio wireless networks},
  author={Sorrells, CaLynna and Potier, Paul and Qian, Lijun and Li, Xiangfang},
  booktitle={Technologies for Homeland Security (HST), 2011 IEEE International Conference on},
  pages={384--389},
  year={2011},
  organization={IEEE}
}

@article{hybrid2,
  title={Cooperative spectrum sensing in cognitive radio networks in the presence of the primary user emulation attack},
  author={Chen, Chao and Cheng, Hongbing and Yao, Yu-Dong},
  journal={IEEE Transactions on Wireless Communications},
  volume={10},
  number={7},
  pages={2135--2141},
  year={2011},
  publisher={IEEE}
}


@inproceedings{sound,
  title={Hearing is believing: Detecting mobile primary user emulation attack in white space.},
  author={Chen, Shaxun and Zeng, Kai and Mohapatra, Prasant},
  booktitle={INFOCOM},
  pages={36--40},
  year={2011}
}

@article{game1,
  title={Primary user emulation attack in dynamic spectrum access networks: a game-theoretic approach},
  author={Tan, Yi and Sengupta, Shamik and Subbalakshmi, Koduvayur P},
  journal={IET communications},
  volume={6},
  number={8},
  pages={964--973},
  year={2012},
  publisher={IET}
}

@inproceedings{game2,
  title={A differential game approach to mitigating primary user emulation attacks in cognitive radio networks},
  author={Hao, Dong and Sakurai, Kouichi},
  booktitle={Advanced Information Networking and Applications (AINA), 2012 IEEE 26th International Conference on},
  pages={495--502},
  year={2012},
  organization={IEEE}
}

@inproceedings{wildlife,
 author = {Szewczyk, Robert and Mainwaring, Alan and Polastre, Joseph and Anderson, John and Culler, David},
 title = {An Analysis of a Large Scale Habitat Monitoring Application},
 booktitle = {Proceedings of the 2Nd International Conference on Embedded Networked Sensor Systems},
 year = {2004},
 pages = {214--226},
 publisher = {ACM}
} 

@inproceedings {farmbeats,
author = {Deepak Vasisht and Zerina Kapetanovic and Jongho Won and Xinxin Jin and Ranveer Chandra and Sudipta Sinha and Ashish Kapoor and Madhusudhan Sudarshan and Sean Stratman},
title = {FarmBeats: An IoT Platform for Data-Driven Agriculture},
booktitle = {14th {USENIX} Symposium on Networked Systems Design and Implementation ({NSDI} 17)},
year = {2017},
pages = {515--529},
publisher = {{USENIX} Association}
}

@INPROCEEDINGS{meter, 
author={O. Fatemieh and R. Chandra and C. A. Gunter}, 
booktitle={2010 3rd International Symposium on Resilient Control Systems}, 
title={Low cost and secure smart meter communications using the TV white spaces}, 
year={2010}, 
volume={}, 
number={}, 
pages={37-42}}



@ARTICLE{GPRS, 
author={J. {Gutiérrez} and J. F. {Villa-Medina} and A. {Nieto-Garibay} and M. Á. {Porta-Gándara}}, 
journal={IEEE Transactions on Instrumentation and Measurement}, 
title={Automated Irrigation System Using a Wireless Sensor Network and GPRS Module}, 
year={2014}, 
volume={63}, 
number={1}, 
pages={166-176}
}


@ARTICLE{adr1, 
author={J. {Wang} and Z. {Cao} and X. {Mao} and X. {Li} and Y. {Liu}}, 
journal={IEEE Transactions on Computers}, 
title={Towards Energy Efficient Duty-Cycled Networks: Analysis, Implications and Improvement}, 
year={2016}, 
volume={65}, 
number={1}, 
pages={270-280}}

@article{YaoCV15,
  author    = {Yanjun Yao and
               Qing Cao and
               Athanasios V. Vasilakos},
  title     = {{EDAL:} An Energy-Efficient, Delay-Aware, and Lifetime-Balancing Data
               Collection Protocol for Heterogeneous Wireless Sensor Networks},
  journal   = {{IEEE/ACM} Trans. Netw.},
  volume    = {23},
  number    = {3},
  pages     = {810--823},
  year      = {2015}}

@ARTICLE{stat, 
author={M. {Hefeeda} and H. {Ahmadi}}, 
journal={IEEE Transactions on Parallel and Distributed Systems}, 
title={Energy-Efficient Protocol for Deterministic and Probabilistic Coverage in Sensor Networks}, 
year={2010}, 
volume={21}, 
number={5}, 
pages={579-593}}

@misc{FCC_first_order,
title = {FCC First Order},
note={FCC, ET Docket No FCC 08-260, November 2008},
year = {2008}
}

@misc{fcc_second_order,
title = {FCC Second Order},
note={FCC, Second Memorandum Opinion and Order, ET Docket No FCC 10-174, September 2010},
year = {2010}
}

@misc{central_limit,
title = {Central Limit Theorem},
note={\url{https://en.wikipedia.org/wiki/Central_limit_theorem}},
year = {2018}
}


@article{abramowitz1964handbook,
  title={Handbook of Mathematical Functions with Formulas, Graphs, and Mathematical Tables (Applied Mathematics Series 55)},
  author={Abramowitz, Milton and Stegun, IA},
  journal={National Bureau of Standards, Washington, DC},
  year={1964}
}


@misc{gnuradio,   
title = {G{NU} {R}adio},
note = {\url{http://gnuradio.org}}
}

@misc{who,   
title = {{World Health Organization}},
url = {https://www.who.int/emergencies/diseases/novel-coronavirus-2019},
year = {2020}
}

@misc{usrp,
title = {Ettus Research},
note = {\url{https://www.ettus.com/product/}}
}


@misc{snow_bs,
title = {SNOW Base Station},
note={\url{https://github.com/snowlab12/gr-snow}},
}


@misc{attacker,
title = {Attacker TV implementation},
note={\url{https://github.com/gnuradio/gnuradio/tree/master/gr-dtv/}},
}

@misc{lora,
title = {Lora Alliance},
note = {\url{https://lora-alliance.org/}}
}

@misc{sigfox,
title={SigFox},
note ={\url{https://www.sigfox.com/en}}
}

@misc{NBIoT,
titile={NBIoT},
note={\url{3gpp.org/news-events/3gpp-news/1785-nb_iot_complete}}
}

@misc{UN,
title={United Nations General Assembly},
note={\url{https://www.un.org/press/en/2009/gaef3242.doc.htm}}
}

@ARTICLE{HMM, 
author={H. {Zhang} and P. N. {Pathirana}}, 
journal={IEEE Transactions on Mobile Computing}, 
title={Uplink Power Control via Adaptive Hidden-Markov-Model-Based Pathloss Estimation}, 
year={2013}, 
volume={12}, 
number={4}, 
pages={657-665}, 
}

@INPROCEEDINGS{Viterbi, 
author={J. {Hagenauer} and P. {Hoeher}}, 
booktitle={1989 IEEE Global Telecommunications Conference and Exhibition 'Communications Technology for the 1990s and Beyond'}, 
title={A Viterbi algorithm with soft-decision outputs and its applications}, 
year={1989}, 
volume={}, 
number={}, 
pages={1680-1686 vol.3}}

@article{LoRs_study,
author = {Casals Ibáñez, Lluis and Mir Masnou, Bernat and Vidal Ferré, Rafael and Gomez, Carles},
year = {2017},
month = {10},
pages = {2364},
title = {Modeling the energy performance of LoRaWAN},
volume = {17},
journal = {Sensors}
}


@InProceedings{LSTM,
author="Cao, Shulin
and Liu, Wei",
editor="Song, Houbing
and Jiang, Dingde",
title="LSTM Network Based Traffic Flow Prediction for Cellular Networks",
booktitle="Simulation Tools and Techniques",
year="2019",
publisher="Springer International Publishing",
address="Cham",
pages="643--653",
}


@INPROCEEDINGS{SARIMA,
author={ {Yantai Shu} and {Minfang Yu} and {Jiakun Liu} and O. W. W. {Yang}},
booktitle={IEEE International Conference on Communications, 2003. ICC '03.},
title={Wireless traffic modeling and prediction using seasonal ARIMA models},
year={2003},
volume={3},
number={},
pages={1675-1679 vol.3},
doi={10.1109/ICC.2003.1203886},
ISSN={null},
month={May},}


@INPROCEEDINGS{MLP,
author={A. Y. {Nikravesh} and S. A. {Ajila} and C. {Lung} and W. {Ding}},
booktitle={2016 IEEE International Congress on Big Data (BigData Congress)},
title={Mobile Network Traffic Prediction Using MLP, MLPWD, and SVM},
year={2016},
volume={},
number={},
pages={402-409},
ISSN={null},
month={June},}


@INPROCEEDINGS{lora_multihop,
author={M. O. {Farooq}},
booktitle={2019 IEEE Global Communications Conference (GLOBECOM)},
title={Introducing Scalability in LoRa-Based Networks through Multi-Hop Communication Setups},
year={2019},
volume={},
number={},
pages={1-6},
keywords={},
doi={10.1109/GLOBECOM38437.2019.9013315},
ISSN={1930-529X},
month={Dec},}


@Misc{sx1276_datasheet,
  title =        {{SX1276} Datasheet},
  author =       {Semtech},
  year =         2019,
  url = {https://semtech.my.salesforce.com/sfc/p/#E0000000JelG/a/2R0000001OKx/JUYM3TvBMenQzU4LS8ZJcM58BIjCcoZcUpHV0gnZ.y0}}
}




@Misc{ADR,
  title =        {{LoRaWAN ADR} },
  author =       {Semtech},
  year =         2019,
  howpublished = {\url{https://www.thethingsnetwork.org/forum/uploads/default/original/2X/7/7480e044aa93a54a910dab8ef0adfb5f515d14a1.pdf}}
}

@Misc{LoRaWAN_spec_v1.1,
  title =        {{LoRaWAN ADR} },
  author =       {LoRa alliance},
  year =         2017,
  howpublished = {\url{https://lora-alliance.org/resource-hub/lorawanr-specification-v11}}
}



@Misc{LoRaWAN_RP2,
  title =        {{LoRaWAN ADR} },
  author =       {LoRa alliance},
  year =         2020,
  howpublished = {\url{https://lora-alliance.org/resource-hub/rp2-101-lorawanr-regional-parameters}}
}

@article{yetgin2017survey,
  title={A survey of network lifetime maximization techniques in wireless sensor networks},
  author={Yetgin, Halil and Cheung, Kent Tsz Kan and El-Hajjar, Mohammed and Hanzo, Lajos Hanzo},
  journal={IEEE Communications Surveys \& Tutorials},
  volume={19},
  number={2},
  pages={828--854},
  year={2017},
  publisher={IEEE}
}

@article{wu2018we,
  title={We-safe: A self-powered wearable IoT sensor network for safety applications based on LoRa},
  author={Wu, Fan and Redout{\'e}, Jean-Michel and Yuce, Mehmet Rasit},
  journal={IEEE Access},
  volume={6},
  pages={40846--40853},
  year={2018},
  publisher={IEEE}
}

@article{sherazi2018renewable,
  title={When renewable energy meets LoRa: A feasibility analysis on cable-less deployments},
  author={Sherazi, Hafiz Husnain Raza and Piro, Giuseppe and Grieco, Luigi Alfredo and Boggia, Gennaro},
  journal={IEEE Internet of Things Journal},
  volume={5},
  number={6},
  pages={5097--5108},
  year={2018},
  publisher={IEEE}
}

@misc{ns3,
title={NS-3},
note ={\url{https://www.nsnam.org/}}
}

@article{magrin2019thorough,
  title={A Thorough Study of LoRaWAN Performance Under Different Parameter Settings},
  author={Magrin, Davide and Capuzzo, Martina and Zanella, Andrea},
  journal={IEEE Internet of Things Journal},
  year={2019},
  publisher={IEEE}
}