

@misc{demo,
note={\url{https://youtu.be/sV55QO4q7Eo}}
}

@misc{opensource,
note={\url{http://www.cs.wayne.edu/saifullah/snow.html}}
}

@misc{ourtestbed,
note={\url{http://neteye.cs.wayne.edu}}
}

@misc{course,
note={\url{http://www.cs.wayne.edu/saifullah/7290.pdf}}
}



@misc{ugrc,   
	Note = {\url{https://urop.wayne.edu/urc}}
}

@misc{c2pipeline,   
	Note = {\url{https://c2pipeline.wayne.edu}}
}

@misc{smash,   
	Note = {\url{https://wayne.edu/newsroom/release/2018/06/04/wayne-state-to-partner-with-cutting-edge-stem-program-on-summer-initiative-for-detroit-high-schoolers-6281}}
}


@misc{women,   
	Note = {\url{https://engineering.wayne.edu/nano/news/futureswe-2016-encourages-the-next-generation-of-women-in-engineering-21185}}
}


@misc{summercamp,   
	Note = {\url{http://www.clas.wayne.edu/ceem/math-corps-summer-camp}}
}




@misc{McNair,   
	Note = {\url{https://federaltrio.wayne.edu/mcnair}}
}



@misc{urop,   
	Note = {\url{https://urop.wayne.edu}}
}

@misc{diversity,   
	Note = {\url{https://wayne.edu/diversity/pdf/grad-report.pdf}}
}



@misc{honors,   
	Note = {\url{https://communityengagement.wayne.edu/service-learning/courses}}
}


@misc{dual,   
	Note = {\url{https://wayne.edu/admissions/dual-enrollment/}}
}


@misc{livoniaptsa,   
	Note = {\url{https://livoniaptsacouncil.org}}
}

@misc{outreach,   
	Note = {\url{https://k-12.wayne.edu}}
}


@misc{summer,   
	Note = {\url{https://engineering.wayne.edu/cs/students/undergrad-research.php}}
}



@misc{oilgas,   
	Note = {\url{https://industrial-iot.com/2016/10/iot-oil-gas-real-power-can-provide/}}
}


@misc{80211mesh,   
        title={802.11s Mesh Networking},
        author={Jerome Henry}, 
        year={2011}, 
	Note = {\url{https://www.cwnp.com/uploads/802-11s_mesh_networking_v1-0.pdf}}
}






@INPROCEEDINGS{firemonitoring, 
author={Yanjun Li and Zhi Wang and Yeqiong Song}, 
booktitle={2006 6th World Congress on Intelligent Control and Automation}, 
title={Wireless Sensor Network Design for Wildfire Monitoring}, 
year={2006}, 
volume={1}, 
number={}, 
pages={109-113}
}

@proceeding{firemonitoring2,
author = { David M. Doolin,Nicholas  Sitar},
title = {Wireless sensors for wildfire monitoring},
journal = {Proc.SPIE},
volume = {5765},
number = {},
pages = {5765 - 5765 - 8},
year = {2005},
URL = {https://doi.org/10.1117/12.605655},
eprint = {}
}



@ARTICLE{bordersurveillance, 
author={E. Onur and C. Ersoy and H. Delic and L. Akarun}, 
journal={IEEE Network}, 
title={Surveillance Wireless Sensor Networks: Deployment Quality Analysis}, 
year={2007}, 
volume={21}, 
number={6}, 
pages={48-53}
}


@Article{trafficmonitoring,
AUTHOR = {Nellore, Kapileswar and Hancke, Gerhard P.},
TITLE = {A Survey on Urban Traffic Management System Using Wireless Sensor Networks},
JOURNAL = {Sensors},
VOLUME = {16},
YEAR = {2016},
NUMBER = {2},
URL = {http://www.mdpi.com/1424-8220/16/2/157},
ISSN = {1424-8220}
}

@Article{tecs_energy,
AUTHOR = {Ashikahmed Bhuiyan and Zhishan Guo and Abusayeed Saifullah and Nan Guan and Haoyi Xiong},
TITLE = {Energy-Efficient Multi-Core Scheduling for Real-Time DAG Tasks},
JOURNAL = {ACM Transactions on Embedded Computing Systems},
YEAR = {2018},
note={To appear in}
}





@BOOK{shallowend,
 AUTHOR = {Jane Margolis  and Rachel Estrella  and Joanna Goode  and Jennifer Jellison  Holme and Kimberly Nao},
 TITLE = {Stuck in the Shallow End: Education, Race, and Computing},
 PUBLISHER = {MIT Press},
 YEAR = {2010}
}



@INPROCEEDINGS{DBF, 
author={Baruah, Sanjoy and Mok, A.K. and Rosier, L.E.}, 
title={Preemptively scheduling hard-real-time sporadic tasks on one processor}, 
 booktitle = {RTSS '90}
}


@book{buttazo,
author={G. C. Buttazzo},
title={Hard Real-Time Computing Systems},
publisher={Springer},
note={2nd edition},
year={2005}
}


@article{survey_rtw_2017,
 author = {Beom-Su Kim and HoSung Park and Kyong Hoon Kim and Daniel Godfrey and Ki-Il Kim},
 title = {A Survey on Real-Time Communications in Wireless Sensor Networks},
 journal = {Wireless Communications and Mobile Computing},
 volume = {2017},
 year = {2017},
 note ={\url{https://doi.org/10.1155/2017/1864847}}
 } 


@article{lu2016real,
	title={Real-time wireless sensor-actuator networks for industrial cyber-physical systems},
	author={Lu, Chenyang and Saifullah, Abusayeed and Li, Bo and Sha, Mo and Gonzalez, Humberto and Gunatilaka, Dolvara and Wu, Chengjie and Nie, Lanshun and Chen, Yixin},
	journal={Proceedings of the IEEE},
	volume={104},
	number={5},
	pages={1013--1024},
	year={2016}
}


@ARTICLE{whsurvey,  
 title={Routing and Scheduling Algorithms for WirelessHART Networks: A Survey},
  author={Marcelo Nobre and Ivanovitch M. D. Silva and Luiz Affonso Guedes},
  journal={Sensors},
  volume={15}, 
  year={2015}
}




@article{tarekutilization,
 author = {Abdelzaher, Tarek F. and Sharma, Vivek and Lu, Chenyang},
 title = {A Utilization Bound for Aperiodic Tasks and Priority Driven Scheduling},
 journal = {IEEE Trans. Comput.},
 issue_date = {March 2004},
 volume = {53},
 number = {3},
 month = mar,
 year = {2004},
 pages = {334--350}
} 


@article{CSIlocalization,
 author = {Yang, Zheng and Zhou, Zimu and Liu, Yunhao},
 title = {From RSSI to CSI: Indoor Localization via Channel Response},
 journal = {ACM Comput. Surv.},
 issue_date = {November 2013},
 volume = {46},
 number = {2},
 month = dec,
 year = {2013},
 issn = {0360-0300},
 pages = {25:1--25:32}
} 

@inproceedings{location23,
 author = {Kumar, Swarun and Gil, Stephanie and Katabi, Dina and Rus, Daniela},
 title = {Accurate Indoor Localization with Zero Start-up Cost},
 booktitle = {Proceedings of the 20th Annual International Conference on Mobile Computing and Networking},
 series = {MobiCom '14},
 year = {2014},
 pages = {483--494}
 }


@book{location12,
 author = {Ding, C. and Pei, D. and Salomaa, A.},
 title = {Chinese Remainder Theorem: Applications in Computing, Coding, Cryptography},
 year = {1996},
 isbn = {981-02-2827-9},
 publisher = {World Scientific Publishing Co., Inc.},
 address = {River Edge, NJ, USA},
} 


@INPROCEEDINGS{location22, 
author={K. J. Krizman and T. E. Biedka and T. S. Rappaport}, 
booktitle={1997 IEEE 47th Vehicular Technology Conference. Technology in Motion}, 
title={Wireless position location: fundamentals, implementation strategies, and sources of error}, 
year={1997}, 
volume={2}, 
number={}, 
pages={919-923}
}

@inproceedings{location44,
 author = {Vasisht, Deepak and Kumar, Swarun and Katabi, Dina},
 title = {Decimeter-level Localization with a Single WiFi Access Point},
 booktitle = {Proceedings of the 13th Usenix Conference on Networked Systems Design and Implementation},
 series = {NSDI'16},
 year = {2016},
 pages = {165--178}
} 



@book{mobilewimax,
  title={Mobile WiMAX: A Systems Approach to Understanding IEEE 802.16m Radio Access Technology},
  author={Sassan Ahmadi},
  year={2016},
  publisher={Academic Press}
}






@INPROCEEDINGS{LEACH, 
author={M. J. Handy and M. Haase and D. Timmermann}, 
booktitle={4th International Workshop on Mobile and Wireless Communications Network}, 
title={Low energy adaptive clustering hierarchy with deterministic cluster-head selection}, 
year={2002}, 
volume={}, 
number={}, 
pages={368-372}
}



@article{Chen2010,
 author = {Chen, Yixin and Chen, Minmin},
 title = {Extended duality for nonlinear programming},
 journal = {Comput. Optim. Appl.},
 volume = {47},
 issue = {1},
 year = {2010},
 pages = {33--59}
} 

@article{stepsize,
 author = {Nedic, Angelia and Bertsekas, Dimitri P.},
 title = {Incremental Subgradient Methods for Nondifferentiable Optimization},
 journal = {SIAM J. on Optimization},
 volume = {12},
 issue = {1},
 year = {2001},
 pages = {109--138}
} 





@inproceedings{guo2017energy,
  title={Energy-Efficient Multi-Core Scheduling for Real-Time DAG Tasks},
  author={Guo, Zhishan and Bhuiyan, Ashikahmed and Saifullah, Abusayeed and Guan, Nan and Xiong, Haoyi},
  booktitle={Euromicro Conference on Real-Time Systems (ECRTS '17)},
  volume={},
  year={2017},
  organization={Schloss Dagstuhl-Leibniz-Zentrum fuer Informatik}
}


@inproceedings{icdcn,
 author = {Modekurthy, Venkata P. and Saifullah, Abusayeed and Madria, Sanjay},
 title = {Distributed Graph Routing for WirelessHART Networks},
 booktitle = {Proceedings of the 19th International Conference on Distributed Computing and Networking},
 series = {ICDCN '18},
 year = {2018},
 isbn = {978-1-4503-6372-3},
 pages = {24:1--24:10}
}


@misc{cc1310,
title = {TI {CC}1310},
note={\url{http://www.ti.com/product/CC1310}}
}



@misc{levelhands,
note={\url{http://www.levelhands.com}}
}



@inproceedings{snowdemo,
  title={Demo Abstract: Implementing SNOW on Commercial Off-The-Shelf Devices},
  author={Dali Ismail, Mahbubur Rahman, Abusayeed Saifullah},
  booktitle={IoTDI},
  year={2018}
}

@misc{texasof,
author = {East Texas Oil Field},
note={\url{https://en.wikipedia.org/wiki/East_Texas_Oil_Field}},
}
@INPROCEEDINGS{ICC_coexistence, 
author={Z. Qin and Y. Liu and G. Y. Li and J. A. McCann}, 
booktitle={2017 IEEE International Conference on Communications (ICC)}, 
title={Modelling and analysis of low-power wide-area networks}, 
year={2017}, 
volume={}, 
number={}, 
pages={1-7}
}

@article{smartcity,
  title={Internet of things for smart cities},
  author={Zanella, Andrea and Bui, Nicola and Castellani, Angelo and Vangelista, Lorenzo and Zorzi, Michele},
  journal={IEEE IoT journal},
  year={2014}
}



@INPROCEEDINGS{comparativestudylpwan, 
author={Kais Mekkia and Eddy Bajica and Frederic Chaxela and Fernand Meyer}, 
booktitle={ICT Express}, 
title={A comparative study of LPWAN technologies for large-scale IoT deployment}, 
year={2018}, 
DOI={https://doi.org/10.1016/j.icte.2017.12.005}
}






@INPROCEEDINGS{LoRaRealTime, 
author={Sujuan Liu and Chuyu Xia and Zhenzhen Zhao}, 
booktitle={2016 13th IEEE International Conference on Solid-State and Integrated Circuit Technology (ICSICT)}, 
title={A low-power real-time air quality monitoring system using LPWAN based on LoRa}, 
year={2016}, 
volume={}, 
number={}, 
pages={379-381}
}

@INPROCEEDINGS{realtimeIoT1, 
author={B. Konieczek and M. Rethfeldt and F. Golatowski and D. Timmermann}, 
booktitle={2015 IEEE 18th International Symposium on Real-Time Distributed Computing}, 
title={Real-Time Communication for the Internet of Things Using jCoAP}, 
year={2015}, 
volume={}, 
number={}, 
pages={134-141}
}


@INPROCEEDINGS{realtimeIoT2, 
author={S. Koley and P. Ghosal}, 
booktitle={2017 IEEE Computer Society Annual Symposium on VLSI (ISVLSI)}, 
title={An IoT Enabled Real-Time Communication and Location Tracking System for Vehicular Emergency}, 
year={2017}, 
volume={}, 
number={}, 
pages={671-676}
}




@INPROCEEDINGS{RTSS11paper,
    author = {Abusayeed Saifullah  and   Kunal Agrawal  and  Chenyang Lu and Christopher Gill},
    title = {Multi-core Real-Time Scheduling for Generalized Parallel Task Models},
    booktitle = {Proceedings of the IEEE Real-Time Systems Symposium (RTSS)},
    pages = {217-226},
    year = {2011}
    }


@article{RTSparallel,
    author = {Abusayeed Saifullah  and Jing Li and  Kunal Agrawal  and  Chenyang Lu and Christopher Gill},
    title = {Multi-core Real-Time Scheduling for Generalized Parallel Task Models},
    Journal = {Real-Time Systems},
	Number = {4},
	Pages = {404--435},
	Volume = {49},
	Year = {2012}
}


@article{TPDSparallel,
    author = {Abusayeed Saifullah  and David Ferry and Jing Li and  Kunal Agrawal  and  Chenyang Lu and Christopher Gill},
    title = {Parallel real-time scheduling of DAGs},
    Journal = {IEEE Transactions on Parallel and Distributed Systems},
	Number = {25},
	Pages = {3242--3252},
	Volume = {12},
	Year = {2014}
}

@INPROCEEDINGS{ECRTS14paper,
    author = {Jing Li and Jian-Jia Chen and Kunal Agrawal and Chenyang Lu and Christopher Gill and Abusayeed Saifullah},
    title = {Analysis of federated and global scheduling for parallel real-time tasks},
    booktitle = {Proceedings of the IEEE Euromicro Conference on Real-Time Systems (ECRTS)},
    pages = {85--96},
    year = {2014}
}


@inproceedings{Charm,
 author = {Dongare, Adwait and Narayanan, Revathy and Gadre, Akshay and Luong, Anh and Balanuta, Artur and Kumar, Swarun and Iannucci, Bob and Rowe, Anthony},
 title = {Charm: Exploiting Geographical Diversity Through Coherent Combining in Low-power Wide-area Networks},
 booktitle = {Proceedings of the 17th ACM/IEEE International Conference on Information Processing in Sensor Networks},
 series = {IPSN '18},
 year = {2018},
 isbn = {978-1-5386-5298-5},
 location = {Porto, Portugal},
 pages = {60--71}
} 


@inproceedings{Choir,
 author = {Eletreby, Rashad and Zhang, Diana and Kumar, Swarun and Ya\u{g}an, Osman},
 title = {Empowering Low-Power Wide Area Networks in Urban Settings},
 booktitle = {Proceedings of the Conference of the ACM Special Interest Group on Data Communication},
 series = {SIGCOMM '17},
 year = {2017},
 isbn = {978-1-4503-4653-5},
 location = {Los Angeles, CA, USA},
 pages = {309--321}
} 



@inproceedings{oursurvey,
 author = {Ismail, Dali and Rahman, Mahbubur and Saifullah, Abusayeed},
 title = {Low-power Wide-area Networks: Opportunities, Challenges, and Directions},
 booktitle = {Proceedings of the Workshop Program of the 19th International Conference on Distributed Computing and Networking},
 series = {Workshops ICDCN '18},
 year = {2018},
 isbn = {978-1-4503-6397-6},
 location = {Varanasi, India},
 pages = {8:1--8:6}
} 

@misc{telensa,
title={Telensa}, 
note={\url{https://www.telensa.com}}
}

@ARTICLE{jianli, 
author={J. Pan and R. Jain and S. Paul and T. Vu and A. Saifullah and M. Sha}, 
journal={IEEE Internet of Things Journal}, 
title={An Internet of Things Framework for Smart Energy in Buildings: Designs, Prototype, and Experiments}, 
year={2015}, 
volume={2}, 
number={6}, 
pages={527-537}
}

@misc{qowisio,
title={QOWISIO}, 
note={\url{https://www.qowisio.com/en/}}
}



@misc{agri2,
note={\url{https://cees.iupui.edu/research/EOF}}
}


@misc{agri1,
note={\url{https://www.morningagclips.com/edge-of-field-monitoring-aids-water-quality}}
}





@misc{doa,
author={J. Lowenberg-DeBoer}, 
title={The Precision Agriculture
Revolution: Making the Modern Farmer},
note={\url{https://www.foreignaffairs.com/articles/united-states/2015-04-20/precision-agriculture-revolution}},
year={2015}
}


@misc{comcast,
author={S Marek}, 
title={Comcast Will Test LoRaWAN IoT Networks in Two Markets},
note={\url{https://www.sdxcentral.com/articles/news/comcast-will-test-lora-iot-network-two-markets/2016/10/}},
year={2016}
}

@INPROCEEDINGS{RTAS10, 
author={S. Bhattacharya and A. Saifullah and C. Lu and G. C. Roman}, 
booktitle={2010 16th IEEE Real-Time and Embedded Technology and Applications Symposium}, 
title={Multi-Application Deployment in Shared Sensor Networks Based on Quality of Monitoring}, 
year={2010}, 
volume={}, 
number={}, 
pages={259-268}
}

@inproceedings{mobihoc,
 author = {Xu, You and Saifullah, Abusayeed and Chen, Yixin and Lu, Chenyang and Bhattacharya, Sangeeta},
 title = {Near Optimal Multi-application Allocation in Shared Sensor Networks},
 booktitle = {Proceedings of the Eleventh ACM International Symposium on Mobile Ad Hoc Networking and Computing},
 series = {MobiHoc '10},
 year = {2010},
 isbn = {978-1-4503-0183-1},
 location = {Chicago, Illinois, USA},
 pages = {181--190}
}

@inproceedings{ispa07,
 author = {Saifullah, Abusayeed M. and Tsin, Yung H.},
 title = {A Self-stabilizing Algorithm for 3-edge-connectivity},
 booktitle = {Proceedings of the 5th International Conference on Parallel and Distributed Processing and Applications},
 series = {ISPA'07},
 year = {2007},
 isbn = {3-540-74741-9, 978-3-540-74741-3},
 location = {Niagara Falls, Canada},
 pages = {6--19}
 }



@misc{coexistproblem,
note={\url{http://www.defineinstruments.com/blog/the-drastic-limitations-of-sigfox-and-lora-that-nobody-is-talking-about}}
}

@article{CRNMobility1,
 author = {Cacciapuoti, Angela Sara and Caleffi, Marcello and Paura, Luigi and Rahman, Md Arafatur},
 title = {Channel Availability for Mobile Cognitive Radio Networks},
 journal = {J. Netw. Comput. Appl.},
 issue_date = {January 2015},
 volume = {47},
 number = {C},
 month = jan,
 year = {2015},
 issn = {1084-8045},
 pages = {131--136}
}


@INPROCEEDINGS{CRNMobility2, 
author={A. W. Min and K. H. Kim and J. Pal Singh and K. G. Shin}, 
booktitle={2011 Proceedings IEEE INFOCOM}, 
title={Opportunistic spectrum access for mobile cognitive radios}, 
year={2011}, 
volume={}, 
number={}, 
pages={2993-3001}
}


@INPROCEEDINGS{CRNMobility3, 
author={L. Zhang and K. Zeng and P. Mohapatra}, 
booktitle={2011 IEEE Wireless Communications and Networking Conference}, 
title={Opportunistic spectrum scheduling for mobile cognitive radio networks in white space}, 
year={2011}, 
volume={}, 
number={}, 
pages={844-849}
}

@article{ATPC, 
 author = {Lin, Shan and Miao, Fei and Zhang, Jingbin and Zhou, Gang and Gu, Lin and He, Tian and Stankovic, John A. and Son, Sang and Pappas, George J.},
 title = {ATPC: Adaptive Transmission Power Control for Wireless Sensor Networks},
 journal = {ACM Trans. Sen. Netw.},
 issue_date = {March 2016},
 volume = {12},
 number = {1},
 month = mar,
 year = {2016},
 issn = {1550-4859},
 pages = {6:1--6:31}
} 




@inproceedings{Albers_ECRTS_04,
 author = {Albers, Karsten and Slomka, Frank},
 title = {An Event Stream Driven Approximation for the Analysis of Real-Time Systems},
 booktitle = {Proceedings of the 16th Euromicro Conference on Real-Time Systems},
 series = {ECRTS '04},
 year = {2004},
 isbn = {0-7695-2176-2},
 pages = {187--195}
} 





@INPROCEEDINGS{Fisher_RTNS_91, 
author={Nathan Fisher and Sanjoy Baruah}, 
booktitle={Proceedings of the 14th International Conference on Real-Time and Network Systems}, 
title={The Partitioned Multiprocessor Scheduling of Non-preemptive Sporadic Task Systems}, 
year={2006}, 
pages={99-108}
}





@INPROCEEDINGS{Jeffay_RTSS_91, 
author={K. Jeffay and D. F. Stanat and C. U. Martel}, 
booktitle={Proceedings Twelfth Real-Time Systems Symposium}, 
title={On non-preemptive scheduling of period and sporadic tasks}, 
year={1991}, 
volume={}, 
number={}, 
pages={129-139}
}





@inproceedings{integration,
 author = {Mahbubur Rahman and Abusayeed Saifullah},
 title = {Integrating Low-Power Wide-Area Networks in White Spaces},
 year={2018}, 
 booktitle = {ACM/IEEE Conference on Internet-of-Things Design and Implementation (IoTDI)},
 Note ={Short paper}
  }
  
  @article{ton_snow,
 author = {Saifullah, Abusayeed and Rahman, Mahbubur and Ismail, Dali and Lu, Chenyang  and Liu, Jie and Chandra, Ranveer},
 title = {Low-Power Wide-Area Networks over White Spaces},
 journal = {ACM/IEEE Transactions on Networking},
 volume={26}, 
number={4}, 
 pages={ 1893--1906},
 doi = {10.1109/TNET.2018.2856197},
 year = {2018}
  }

@article{ruralsensing2,
author = {Nellis, M. Duane and Lulla, Kamlesh and Jensen John},
year = {1990},
pages = {329-331},
title = {Interfacing Geographic Information Systems and Remote Sensing for Rural Land Use Analysis},
volume = {56},
JOURNAL = {Photogrammetric Engineering and Remote Sensing (ISSN 0099-1112)}
}


@article{ruralsensing,
author = {Lloret, Jaime and Garcia-Pineda, Miguel and Bri, Diana and Sendra, Sandra},
year = {2009},
month = {11},
pages = {8722-47},
title = {A Wireless Sensor Network Deployment for Rural and Forest Fire Detection and Verification},
volume = {9},
JOURNAL = {Sensors (Basel, Switzerland)}
}


@ARTICLE{LPWANSurvey222, 
author={U. Raza and P. Kulkarni and M. Sooriyabandara}, 
journal={IEEE Communications Surveys Tutorials}, 
title={Low Power Wide Area Networks: An Overview}, 
year={2017}, 
volume={19}, 
number={2}, 
pages={855-873}
}



@INPROCEEDINGS{lp1coexistence1, 
author={L. Krupka and L. Vojtech and M. Neruda}, 
booktitle={2016 17th International Conference on Mechatronics - Mechatronika (ME)}, 
title={The issue of LPWAN technology coexistence in {I}o{T} environment}, 
year={2016}, 
pages={1-8}
}


@Article{loraindoor,
AUTHOR = {Cattani, Marco and Boano, Carlo Alberto and Romer, Kay},
TITLE = {An Experimental Evaluation of the Reliability of LoRa Long-Range Low-Power Wireless Communication},
JOURNAL = {Journal of Sensor and Actuator Networks},
VOLUME = {6},
YEAR = {2017},
NUMBER = {2}
}



@INPROCEEDINGS{mobilelpwan1, 
author = {Patel, Dhaval and Won, Myounggyu},
year = {2017},
booktitle={2017 IEEE 85th Vehicular Technology Conference (VTC'17 Spring)},
title = {Experimental Study on Low Power Wide Area Networks ({LPWAN}) for Mobile Internet of Things}
}


@article{mobilelpwan2,
author = {Juha PetÃ¤jÃ¤jÃ¤rvi and Konstantin Mikhaylov and Marko Pettissalo and Janne Janhunen and Jari Iinatti},
title ={Performance of a low-power wide-area network based on LoRa technology: Doppler robustness, scalability, and coverage},
journal = {International Journal of Distributed Sensor Networks},
volume = {13},
number = {3},
pages = {1550147717699412},
year = {2017}
}




@INPROCEEDINGS{thailand, 
author={N. Vatcharatiansakul and P. Tuwanut and C. Pornavalai}, 
booktitle={2017 14th International Joint Conference on Computer Science and Software Engineering (JCSSE)}, 
title={Experimental performance evaluation of {L}o{R}a{WAN}: A case study in {B}angkok}, 
year={2017}, 
pages={1-4}
}

@article{smartfarming1,
author = {Walter, Achim and Finger, Robert and Huber, Robert and Buchmann, Nina}, 
title = {Opinion: Smart farming is key to developing sustainable agriculture},
volume = {114}, 
number = {24}, 
pages = {6148-6150}, 
year = {2017}, 
doi = {10.1073/pnas.1707462114}, 
URL = {http://www.pnas.org/content/114/24/6148.short}, 
eprint = {http://www.pnas.org/content/114/24/6148.full.pdf}, 
journal = {Proceedings of the National Academy of Sciences} 
}



@article{drone1,
author = {Dario Floreano and Robert J. Wood}, 
title = {Science, technology and the future of small autonomous drones},
volume = {521}, 
pages = {460--466}, 
year = {2015}
}





@ARTICLE{cognitive_channel_survey, 
author={E. Z. Tragos and S. Zeadally and A. G. Fragkiadakis and V. A. Siris}, 
journal={IEEE Communications Surveys Tutorials}, 
title={Spectrum Assignment in Cognitive Radio Networks: A Comprehensive Survey}, 
year={2013}, 
volume={15}, 
number={3}, 
pages={1108-1135}
}


@ARTICLE{cognitive_channel_survey2, 
author={I. F. Akyildiz and W. y. Lee and M. C. Vuran and S. Mohanty}, 
journal={IEEE Communications Magazine}, 
title={A survey on spectrum management in cognitive radio networks}, 
year={2008}, 
volume={46}, 
number={4}, 
pages={40-48}
}

@inproceedings{gameapproach,
 author = {Chen, Xu and Huang, Jianwei},
 title = {Game Theoretic Analysis of Distributed Spectrum Sharing with Database},
 booktitle = {Proceedings of the 2012 IEEE 32Nd International Conference on Distributed Computing Systems},
 series = {ICDCS '12},
 year = {2012},
 isbn = {978-0-7695-4685-8},
 pages = {255--264}
 }



@article{channel_cellular,
 author = {Katzela, I. and Naghshineh, M.},
 title = {Channel Assignment Schemes for Cellular Mobile Telecommunication Systems: A Comprehensive Survey},
 journal = {Commun. Surveys Tuts.},
 issue_date = {April 2000},
 volume = {3},
 number = {2},
 month = apr,
 year = {2000},
 issn = {1553-877X},
 pages = {10--31}
} 

















@book{tanenbaum,
  title={Computer Networks (5th Edition)},
  author={Andrew Tanenbaum and David Wetherall},
  year={2011},
  Note={Chapter 4}, 
  publisher={Prentice Hall}
}





@inproceedings{cook1971complexity,
  title={The complexity of theorem-proving procedures},
  author={Cook, Stephen A},
  booktitle={Proceedings of the third annual ACM symposium on Theory of computing},
  pages={151--158},
  year={1971},
  organization={ACM}
}

@inproceedings{disco,
 author = {Dutta, Prabal and Culler, David},
 title = {Practical Asynchronous Neighbor Discovery and Rendezvous for Mobile Sensing Applications},
 booktitle = {Proceedings of the 6th ACM Conference on Embedded Network Sensor Systems},
 series = {SenSys '08},
 year = {2008}
} 


@article{rendezvous1,
 author = {Zhang, Yifan and Yu, Gexin and Li, Qun and Wang, Haodong and Zhu, Xiaojun and Wang, Baosheng},
 title = {Channel-hopping-based Communication Rendezvous in Cognitive Radio Networks},
 journal = {IEEE/ACM Trans. Netw.},
 issue_date = {June 2014},
 volume = {22},
 number = {3},
 year = {2014},
 issn = {1063-6692},
 pages = {889--902}
} 


@ARTICLE{rendezvous2, 
author={J. Shin and D. Yang and C. Kim}, 
journal={IEEE Communications Letters}, 
title={A Channel Rendezvous Scheme for Cognitive Radio Networks}, 
year={2010}, 
volume={14}, 
number={10}, 
pages={954-956}}



@INPROCEEDINGS{rendezvous3, 
author={K. Bian and J. M. Park}, 
booktitle={2011 Proceedings IEEE INFOCOM}, 
title={Asynchronous channel hopping for establishing rendezvous in cognitive radio networks}, 
year={2011}, 
pages={236-240}
}


@INPROCEEDINGS{rendezvous4, 
author={C. Cormio and K. R. Chowdhury}, 
booktitle={2010 8th IEEE International Conference on Pervasive Computing and Communications Workshops (PERCOM Workshops)}, 
title={An adaptive multiple rendezvous control channel for Cognitive Radio wireless ad hoc networks}, 
year={2010}, 
pages={346-351}
}



@article{rendezvous_survey1,
 author = {Cormio, Claudia and Chowdhury, Kaushik R.},
 title = {A Survey on MAC Protocols for Cognitive Radio Networks},
 journal = {Ad Hoc Netw.},
 issue_date = {September, 2009},
 volume = {7},
 number = {7},
 month = sep,
 year = {2009},
 issn = {1570-8705},
 pages = {1315--1329}
} 


@ARTICLE{rendezvous_survey2, 
author={A. De Domenico and E. Calvanese Strinati and M. G. Di Benedetto}, 
journal={IEEE Communications Surveys Tutorials}, 
title={A Survey on MAC Strategies for Cognitive Radio Networks}, 
year={2012}, 
volume={14}, 
number={1}, 
pages={21-44}
}





@ARTICLE{vadhoc_survey, 
author={J. Harri and F. Filali and C. Bonnet}, 
journal={IEEE Communications Surveys and Tutorials}, 
title={Mobility models for vehicular ad hoc networks: a survey and taxonomy}, 
year={2009}, 
volume={11}, 
number={4}, 
pages={19-41}
}


@ARTICLE{cellular_handoff,
    author = {Nasf Ekiz and Tara Salih and Sibel Kuçukoner and Kemal Fidanboylu},
    title = {An Overview of Handoff Techniques in Cellular Networks},
    journal={International Journal of Information Technology},
   volume = {2},
   year = {2007}
}



@ARTICLE{Camp02asurvey,
    author = {Tracy Camp and Jeff Boleng and Vanessa Davies},
    title = {A Survey of Mobility Models for Ad Hoc Network Research},
    journal = {Wireless Communication and Mobile Computing},
    year = {2002},
    volume = {2},
    pages = {483--502}
}






@ARTICLE{prospect, 
author={Y. Song and J. Xie}, 
journal={IEEE Transactions on Mobile Computing}, 
title={ProSpect: A Proactive Spectrum Handoff Framework for Cognitive Radio Ad Hoc Networks without Common Control Channel}, 
year={2012}, 
volume={11}, 
number={7}, 
pages={1127-1139}
}




@inproceedings{Johnson,
 author = {Johnson, David S.},
 title = {Approximation Algorithms for Combinatorial Problems},
 booktitle = {Proceedings of the Fifth Annual ACM Symposium on Theory of Computing},
 series = {STOC '73},
 year = {1973},
 location = {Austin, Texas, USA},
 pages = {38--49}
} 



@article{PCPTheorem,
 author = {Dinur, Irit},
 title = {The PCP Theorem by Gap Amplification},
 journal = {J. ACM},
 issue_date = {June 2007},
 volume = {54},
 number = {3},
 month = jun,
 year = {2007},
 issn = {0004-5411},
 articleno = {12}
} 


@book{maxsat,
  title={Handbook of Combinatorial Optimization (Vol. 1)},
  author={D.-Z. Du and P.M. Pardalos},
  year={1998},
  pages={77--148}, 
  publisher={ Kluwer Academic Publishers}
}










@ARTICLE{tmchetero, 
author={S. Han and X. Zhang and K. G. Shin}, 
journal={IEEE Transactions on Mobile Computing}, 
title={Fair and Efficient Coexistence of Heterogeneous Channel Widths in Next-Generation Wireless LANs}, 
year={2016}, 
volume={15}, 
number={11}, 
pages={2749-2761}
}


@INPROCEEDINGS{dsn, 
author={B. Feng and C. Zhang and Y. Fang}, 
booktitle={2016 IEEE Global Communications Conference (GLOBECOM)}, 
title={DSN: Enabling Lightweight Coordination between Partially Overlapped Channels in Wireless LANs}, 
year={2016}, 
pages={1-6}
}












@ARTICLE{adaptive2, 
author={S. Singh and M. Shahbazi and K. Pelechrinis and K. Sundaresan and S. V. Krishnamurthy and S. Addepalli}, 
journal={IEEE Transactions on Mobile Computing}, 
title={Adaptive Sub-Carrier Level Power Allocation in OFDMA Networks}, 
year={2015}, 
volume={14}, 
number={1}, 
pages={28-41}
}




@INPROCEEDINGS{asn, 
author={X. Zhang and K. G. Shin}, 
booktitle={2011 19th IEEE International Conference on Network Protocols}, 
title={Adaptive Subcarrier Nulling: Enabling partial spectrum sharing in wireless LANs}, 
year={2011}, 
pages={311-320}
}


@Article{cmcs,
author="Zareei, Mahdi
and M. Muzahidul Islam, A. K.
and Mansoor, Nafees
and Baharun, Sabariah
and Mohamed, Ehab Mahmoud
and Sampei, Seiichi",
title="CMCS: a cross-layer mobility-aware MAC protocol for cognitive radio sensor networks",
journal="EURASIP Journal on Wireless Communications and Networking",
year="2016",
volume="2016",
number="1",
pages="1--15"
}




@misc{smartrural1,
note={\url{https://transmitter.ieee.org/smart-connected-communities/}}
}







@misc{rpma,
note={\url{https://www.ingenu.com/technology/rpma}}
}


@misc{connectedrural,
title={Smart and Connected Communities Framework}, 
note={\url{https://www.nitrd.gov/sccc/}}
}



@misc{rpmamobile,
title={R{PMA} - A Technical Drill-Down into Ingenu?s {LPWAN} Technology}, 
note={\url{https://www.leverege.com/blogpost/rpma-technical-drill-down-ingenus-lpwan-technology}}
}



@misc{ecgsmiot,
note={\url{https://www.gsma.com/iot/wp-content/uploads/2016/10/3GPP-Low-Power-Wide-Area-Technologies-GSMA-White-Paper.pdf
}}
}




@misc{iqrf,
note={\url{http://www.iqrf.org/technology}}
}



@misc{cat,
note={\url{https://www.u-blox.com/en/lte-cat-m1}}
}


@misc{dash7,
note={\url{http://www.dash7-alliance.org}}
}


@misc{weightless,
note={\url{http://www.weightless.org}}
}





@article{channel_wireless,
 author = {Audhya, Goutam K. and Sinha, Koushik and Ghosh, Sasthi C. and Sinha, Bhabani P.},
 title = {A Survey on the Channel Assignment Problem in Wireless Networks},
 journal = {Wirel. Commun. Mob. Comput.},
 issue_date = {May 2011},
 volume = {11},
 number = {5},
 year = {2011},
 pages = {583--609}
} 




@article{channel_wsn,
 author = {Incel, Ozlem Durmaz},
 title = {Survey Paper: A Survey on Multi-channel Communication in Wireless Sensor Networks},
 journal = {Comput. Netw.},
 issue_date = {September, 2011},
 volume = {55},
 number = {13},
 month = sep,
 year = {2011},
 issn = {1389-1286},
 pages = {3081--3099}
} 

@ARTICLE{mobility_survey, 
author={E. Ekici and Yaoyao Gu and D. Bozdag}, 
journal={IEEE Communications Magazine}, 
title={Mobility-based communication in wireless sensor networks}, 
year={2006}, 
volume={44}, 
number={7}, 
pages={56-62}
}




@INPROCEEDINGS{survey802154, 
author={D. Yang and Y. Xu and M. Gidlund}, 
booktitle={IECON 2010 - 36th Annual Conference on IEEE Industrial Electronics Society}, 
title={Coexistence of IEEE802.15.4 based networks: A survey}, 
year={2010}, 
pages={2107-2113}
}


@INPROCEEDINGS{coexistence_24, 
author={A. Sikora and V. F. Groza}, 
booktitle={2005 IEEE Instrumentationand Measurement Technology Conference Proceedings}, 
title={Coexistence of IEEE802.15.4 with other Systems in the 2.4 GHz-ISM-Band}, 
year={2005}, 
volume={3}, 
pages={1786-1791}
}


@article{coexistence_survey,
author = {Dong Yang and Youzhi Xu and Mikael Gidlund},
title = {Wireless Coexistence between IEEE 802.11- and IEEE 802.15.4-Based Networks: A Survey},
journal = {International Journal of Distributed Sensor Networks},
volume = {7},
number = {1},
pages = {912152},
year = {2011}
}



@article{LPWANchallenges,
 author = {De Poorter, Eli and Hoebeke, Jeroen and Strobbe, Matthias and Moerman, Ingrid and Latré, Steven and Weyn, Maarten and Lannoo, Bart and Famaey, Jeroen},
 title = {Sub-GHz LPWAN Network Coexistence, Management and Virtualization: An Overview and Open Research Challenges},
 journal = {Wirel. Pers. Commun.},
 issue_date = {July      2017},
 volume = {95},
 number = {1},
 month = jul,
 year = {2017},
 pages = {187--213}
} 

@ARTICLE{lorascale, 
author={O. Georgiou and U. Raza}, 
journal={IEEE Wireless Communications Letters}, 
title={Low Power Wide Area Network Analysis: Can LoRa Scale?}, 
year={2017}, 
volume={6}, 
number={2}, 
pages={162-165}
}


@Article{lorascale2,
AUTHOR = {Augustin, A and Yi, Jiazi and Clausen, Thomas and Townsley, William Mark},
TITLE = {A Study of LoRa: Long Range and amp; Low Power Networks for the Internet of Things},
JOURNAL = {Sensors},
VOLUME = {16},
YEAR = {2016},
NUMBER = {9}
}


@misc{cnh,
	note={\url{http://www.prnewswire.com/news-releases/cnh-industrial-at-the-forefront-of-the-internet-of-things-in-agri-food-300391203.html}}
}






@misc{claas,
	note={\url{https://www.ibm.com/blogs/internet-of-things/iot-agricultural-applications/}}
}



@misc{deere,
	note={\url{https://www.networkworld.com/article/3145640/internet-of-things/growing-more-with-less-john-deere-leads-the-way-with-iot-driven-precision-farming.html}}
}



@misc{forbes,
         title={The Future Of Agriculture? Smart Farming},
	note={\url{https://www.forbes.com/sites/federicoguerrini/2015/02/18/the-future-of-agriculture-smart-farming/}}
}


@misc{att,
	note={\url{https://m2x.att.com/iot/industry-solutions/iot-data/agriculture/}}
}


@misc{climate,
	note={\url{https://www.climate.com}}
}


@misc{Beecham,
         title={Farming Industry Must Embrace the Internet of Things Vision},
	note={\url{http://www.beechamresearch.com/news.aspx?id=1086}}
}



@misc{monsanto,
	note={\url{https://www.rcrwireless.com/20151111/internet-of-things/agricultural-internet-of-things-promises-to-reshape-farming-tag15}}
}



@misc{WirelessHART_Emerson,
	note={\url{http://www.automationworld.com/networking-amp-connectivity/wireless-shines-emerson-global-user-exchange}}
}





@misc{WirelessHART_MOL,
	note={\url{https://arcadvisorygroup-public.sharepoint.com/myarc/myreports/arcreports2013/HART%20Sparks%20Smart%20Maintenance%20Drive.pdf}}
}

@ARTICLE{farm, 
author={M. H. Almarshadi and S. M. Ismail}, 
journal={Journal of Applied
Sciences Research}, 
title={Effects of Precision Irrigation
on Productivity and Water Use Efficiency of Alfalfa under
Different Irrigation Methods in Arid Climates}, 
year={2011}
}


@ARTICLE{chemistry, 
author={H.-J. Kim and K. A. Sudduth and J. W. Hummel}, 
journal={The Royal Society of Chemistry}, 
title={ Soil Micronutrient Sensing for Precision Agriculture}, 
year={2009}
}

@ARTICLE{nature, 
author={N. D. Mueller and J. S. Gerber and M. Johnston, D. K. Ray and J. A. F. Navin Ramankutty}, 
journal={Nature}, 
title={ Closing Yield Gaps through Nutrient andW ater management}, 
year={2012}
}







@ARTICLE{adaptivebw, 
author={S. S. Das and E. D. Carvalho and R. Prasad}, 
journal={IEEE Transactions on Wireless Communications}, 
title={Performance Analysis of OFDM Systems with Adaptive Sub Carrier Bandwidth}, 
year={2008}, 
volume={7}, 
number={4}, 
pages={1117-1122}
}



@article {adaptivebw2,
author = {He, Jian and Xu, Changqing and Li, Li},
title = {Adaptive subcarrier bandwidth and power in OFDM-based cognitive radio systems for high mobility applications},
journal = {International Journal of Communication Systems},
volume = {27},
number = {10},
pages = {1626--1636},
year = {2014}
}

@INPROCEEDINGS{adaptivebw3, 
author={Guocong Song and Y. Li}, 
booktitle={The 57th IEEE Semiannual Vehicular Technology Conference, 2003. VTC 2003-Spring.}, 
title={Adaptive subcarrier and power allocation in OFDM based on maximizing utility}, 
year={2003}, 
volume={2}, 
pages={905-909}
}

@article{adaptivemultiuser2,
 author = {Wong, Cheong Yui and Cheng, R. S. and Lataief, K. B. and Murch, R. D.},
 title = {Multiuser OFDM with Adaptive Subcarrier, Bit, and Power Allocation},
 journal = {IEEE J.Sel. A. Commun.},
 issue_date = {September 2006},
 volume = {17},
 number = {10},
 month = sep,
 year = {2006},
 issn = {0733-8716},
 pages = {1747--1758}
} 







@article{RLSurvey,
 author = {Yau, Kok-Lim Alvin and Komisarczuk, Peter and Teal, Paul D.},
 title = {Review: Reinforcement Learning for Context Awareness and Intelligence in Wireless Networks: Review, New Features and Open Issues},
 journal = {J. Netw. Comput. Appl.},
 issue_date = {January, 2012},
 volume = {35},
 number = {1},
 month = jan,
 year = {2012},
 issn = {1084-8045},
 pages = {253--267}
} 


@ARTICLE{wellsuited, 
author={C. Pandana and K. J. R. Liu}, 
journal={IEEE Journal on Selected Areas in Communications}, 
title={Near-optimal reinforcement learning framework for energy-aware sensor communications}, 
year={2005}, 
volume={23}, 
number={4}, 
pages={788-797}
}


@ARTICLE{QoS1, 
author={F. R. Yu and V. W. S. Wong and V. C. M. Leung}, 
journal={IEEE Transactions on Vehicular Technology}, 
title={A New QoS Provisioning Method for Adaptive Multimedia in Wireless Networks}, 
year={2008}, 
volume={57}, 
number={3}, 
pages={1899-1909}
}

@INPROCEEDINGS{QoS2, 
author={E. Alexandri and G. Martinez and D. Zeghlache}, 
booktitle={The 13th IEEE International Symposium on Personal, Indoor and Mobile Radio Communications}, 
title={A distributed reinforcement learning approach to maximize resource utilization and control handover dropping in multimedia wireless networks}, 
year={2002}, 
volume={5}, 
pages={2249-2253}
}


@INPROCEEDINGS{cognitive1, 
author={K. L. A. Yau and P. Komisarczuk and D. T. Paul}, 
booktitle={IEEE Local Computer Network Conference}, 
title={Enhancing network performance in Distributed Cognitive Radio Networks using single-agent and multi-agent Reinforcement Learning}, 
year={2010}, 
pages={152-159}
}

@inproceedings{TMAC,
 author = {van Dam, Tijs and Langendoen, Koen},
 title = {An Adaptive Energy-efficient MAC Protocol for Wireless Sensor Networks},
 booktitle = {Proceedings of the 1st International Conference on Embedded Networked Sensor Systems},
 series = {SenSys '03},
 year = {2003},
 pages = {171--180}
} 


@INPROCEEDINGS{RLMAC, 
author={Zhenzhen Liu and I. Elhanany}, 
booktitle={2006 IEEE International Conference on Networking, Sensing and Control}, 
title={R{L-MAC}: A {Q}o{S}-Aware Reinforcement Learning based {MAC} Protocol for Wireless Sensor Networks}, 
year={2006}, 
pages={768-773}
}


@INPROCEEDINGS{RLRouting1, 
author={R. Sun and S. Tatsumi and G. Zhao}, 
booktitle={TENCON '02. Proceedings. 2002 IEEE Region 10 Conference on Computers, Communications, Control and Power Engineering}, 
title={Q-MAP: a novel multicast routing method in wireless ad hoc networks with multiagent reinforcement learning}, 
year={2002}, 
volume={1}, 
pages={667-670}
}




@INPROCEEDINGS{RLRouting2, 
author={S. Dong and P. Agrawal and K. Sivalingam}, 
booktitle={IEEE GLOBECOM 2007 - IEEE Global Telecommunications Conference}, 
title={Reinforcement Learning Based Geographic Routing Protocol for UWB Wireless Sensor Network}, 
year={2007}, 
pages={652-656}
}


@INPROCEEDINGS{RLRouting3, 
author={A. Forster and A. L. Murphy}, 
booktitle={2007 3rd International Conference on Intelligent Sensors, Sensor Networks and Information}, 
title={FROMS: Feedback Routing for Optimizing Multiple Sinks in WSN with Reinforcement Learning}, 
year={2007}, 
pages={371-376}
}


@INPROCEEDINGS{RLRouting4, 
author={R. Arroyo-Valles and R. Alaiz-Rodriguez and A. Guerrero-Curieses and J. Cid-Sueiro}, 
booktitle={2007 3rd International Conference on Intelligent Sensors, Sensor Networks and Information}, 
title={Q-Probabilistic Routing in Wireless Sensor Networks}, 
year={2007}, 
pages={1-6}
}



@ARTICLE{connectedvehicle, 
author={N. Lu and N. Cheng and N. Zhang and X. Shen and J. W. Mark}, 
journal={IEEE Internet of Things Journal}, 
title={Connected Vehicles: Solutions and Challenges}, 
year={2014}, 
volume={1}, 
number={4}, 
pages={289-299}
}


@book{Molisch,
  title={Wireless Communications (2nd Ed)},
  author={A. F. Molisch},
  year={2011},
  publisher={John Wiley and Sons Ltd}
}

@book{RLBook,
  title={Reinforcement Learning: An Introduction},
  author={Sutton, R. S.  and Barto, A. G},
  year={1998},
  publisher={The MIT Press}
}



@article{loralimitation,
 title={Understanding the Limits of Lo{R}a{WAN}},
  author={Ferran Adelantado and Xavier Vilajosana and Pere Tuset-Peiro and Borja Martinez and Joan Melia-Segui and Thomas Watteyne},
  journal={IEEE Communications Magazine},
  month={January}, 
  year={2017}
}





@inproceedings {vasisht17farmbeats,
author = {Deepak Vasisht and Zerina Kapetanovic and Jongho Won and Xinxin Jin and Ranveer Chandra and Sudipta Sinha and Ashish Kapoor and Madhusudhan Sudarshan and Sean Stratman},
title = {FarmBeats: An IoT Platform for Data-Driven Agriculture},
booktitle = {14th {USENIX} Symposium on Networked Systems Design and Implementation ({NSDI} 17)},
year = {2017},
pages = {515--529}
}


@inproceedings{bor2016lora,
 author = {Bor, Martin C. and Roedig, Utz and Voigt, Thiemo and Alonso, Juan M.},
 title = {Do {L}o{R}a Low-Power Wide-Area Networks Scale?},
 booktitle = {Proceedings of the 19th ACM International Conference on Modeling, Analysis and Simulation of Wireless and Mobile Systems},
 series = {MSWiM '16},
 year = {2016},
 pages = {59--67}
} 




@inproceedings{voigt2016mitigating,
 author = {Voigt, Thiemo and Bor, Martin and Roedig, Utz and Alonso, Juan},
 title = {Mitigating Inter-network Interference in LoRa Networks},
 booktitle = {Proceedings of the 2017 International Conference on Embedded Wireless Systems and Networks},
 series = {EWSN '17},
 year = {2017},
 pages = {323--328}
} 



@article{marcelis2017dare,
  title={Da{R}e: Data Recovery through Application Layer Coding for Lo{R}a{WAN}s},
  author={Marcelis, Paul and Rao, Vijay S and Prasad, R Venkatesha},
  journal={IoTDI '17},
  year={2017}
}

@INPROCEEDINGS{rnr, 
author={D. Ismail and M. Rahman and A. Saifullah and S. Madria}, 
booktitle={2017 14th Annual IEEE International Conference on Sensing, Communication, and Networking (SECON)}, 
title={RnR: Reverse Replace Decoding for Collision Recovery in Wireless Sensor Networks}, 
year={2017}, 
volume={}, 
number={}, 
pages={1-9}
}}

@article{mimo, 
  Title={M{IMO} techniques in {W}i{MAX} and {LTE}: A feature overview},
  author={Li, Qinghua and Li, Guangjie and Lee, Wookbong and Lee, Moon-il and Mazzarese, David and Clerckx, Bruno and Li, Zexian}, 
   Journal={IEEE Commun. Mag}, 
     volume={48},
   number = {5},
    pages={86--92},
   publisher={IEEE}, 
   Year={2010}
}



@article{OFDMAWiMAX_old, 
  Title={O{FDMA} {W}i{MAX} Physical Layer},
  author={Prasad, Ramjee and Velez, Fernando J},
  Journal={WiMAX Networks}, 
  pages={63--135},
  publisher={Springer}, 
  Year={2010}
}

@incollection{OFDMAWiMAX,
  title={OFDMA WiMAX physical layer},
  author={Prasad, Ramjee and Velez, Fernando J},
  booktitle={WiMAX networks},
  pages={63--135},
  year={2010},
  publisher={Springer}
}



@misc{LTE_advancedpro,
key = {LTE Advanced},
title = {L{TE} {A}dvanced {P}ro},
note={\url{https://www.qualcomm.com/invention/technologies/lte/advanced-pro}},
year = {2017}
}



@misc{wimax,
key = {WiMAX},
title = {Wi{MAX}},
note={\url{https://en.wikipedia.org/wiki/WiMAX}}
}









@misc{3gpp,
key = {LTE Standard},
title = {THE {LTE} STANDARD},
year={2014}, 
note={\url{https://www.qualcomm.com/media/documents/files/the-lte-standard.pdf}}
}


@misc{lte_whitepaper,
title = {Overview of the 3{GPP} {LTE} Physical Layer},
author={Jim Zyren}, 
note={\url{http://www.nxp.com/assets/documents/data/en/white-papers/3GPPEVOLUTIONWP.pdf}},
year = {2007}
}


@article{scfdma,
  title={L{TE} uplink {MIMO} receiver with low complexity interference cancellation},
  author={Bei Yin and Joseph R. Cavallaro},
  journal={Analog Integr Circ Sig Process},
  volume={73},
  pages={5443 -- 450},
  year={2012},
  publisher={Springer}
}



@misc{loracalc,
key = {LoRa Calculator},
author = {SemTech},
title = {Lo{R}a Calculator by {S}emtech},
note={\url{http://sx1272-lora-calculator.software.informer.com/}},
}







@inproceedings{snow,
 author = {Saifullah, Abusayeed and Rahman, Mahbubur and Ismail, Dali and Lu, Chenyang and Chandra, Ranveer and Liu, Jie},
 title = {{SNOW}: {S}ensor Network over White Spaces},
 booktitle = {SenSys '16 (Proceedings of the 14th ACM Conference on Embedded Network Sensor Systems)},
 year = {2016},
 location = {Stanford, CA, USA},
 pages = {272--285},
 numpages = {14},
 url = {http://doi.acm.org/10.1145/2994551.2994552},
 publisher = {ACM}
} 




@inproceedings{snow2,
 author = {Saifullah, Abusayeed and Rahman, Mahbubur and Ismail, Dali and Lu, Chenyang  and Liu, Jie and Chandra, Ranveer},
 title = {Enabling Reliable, Asynchronous, and Bidirectional Communication in Sensor Networks over White Spaces},
 booktitle = {SenSys '17 (Proceedings of the 15th ACM Conference on Embedded Network Sensor Systems)},
 year = {2017},
 pages = {9:1--9:14}, 
  numpages = {14},
 url = {http://www.cs.wayne.edu/saifullah//sensys17.pdf},
  note={To appear}, 
 publisher = {ACM}
}




@misc{MLAsource,
note={\url{ http://wsn.cse.wustl.edu/index.php?title=MAC_Layer_Architecture}}
}

@inproceedings{RTSS10paper,
	Author = {Abusayeed Saifullah and You Xu and Chenyang Lu and Yixin Chen},
	Booktitle = {Proceedings of the IEEE Real-Time Systems Symposium (RTSS)},
	Pages = {150--159},
	Title = {Real-Time Scheduling for {W}ireless{HART} Networks},
	Year = {2010}}


@inproceedings{RTAS11paper,
	Author = {Abusayeed Saifullah and You Xu and Chenyang Lu and Yixin Chen},
	Booktitle = {Proceedings of the IEEE Real-Time and Embedded Technology and Applications Symposium (RTAS)},
	Title = {End-to-End Delay Analysis for Fixed Priority Scheduling in {W}ireless{HART} Networks},
	Pages = {13--22},
	Year = {2011}}

@inproceedings{ECRTS11paper,
	Author = {Abusayeed Saifullah and You Xu and Chenyang Lu and Yixin Chen},
	Booktitle = {Proceedings of the IEEE Euromicro Conference on Real-Time Systems (ECRTS)},
	Title = {Priority Assignment for Real-time Flows in {W}ireless{HART} networks},
	Pages = {35--44},
	Year = {2011}}


@inproceedings{RTAS12paper,
	Author = {Abusayeed Saifullah and Chengjie Wu and Paras Tiwari and You Xu and Yong Fu and Chenyang Lu and Yixin Chen},
	Booktitle = {Proceedings of the IEEE Real-Time and Embedded Technology and Applications Symposium (RTAS)},
	Title = {Near Optimal Rate Selection for Wireless Control Systems},
	Pages = {231--240},
	Year = {2012}
		}

 



@misc{escience,   
	Note = {\url{https://www.microsoft.com/en-us/research/wp-content/uploads/2014/12/Understanding-cloud-forests-through-the-power-of-cloud-computing-PDF.pdf}}
}


@misc{smartliving,   
	Note = {\url{http://research.mst.edu/signatureareas/smartliving/}}
}


@misc{raspberry,
note={\url{https://www.raspberrypi.org}}
}



@misc{ibmlora,
note={\url{https://www.research.ibm.com/labs/zurich/ics/lrsc/lmic.html}}
}

@ARTICLE{channel, 
author={Abusayeed Saifullah and You Xu and Chenyang Lu and Yixin Chen}, 
journal={IEEE Transactions on Parallel and Distributed Systems}, 
title={Distributed Channel Allocation Protocols for Wireless Sensor Networks}, 
year={2014},
volume={25}, 
number={9}, 
pages={2264-2274}
}





@misc{fftquick,
note={\url{http://www.ti.com.cn/cn/lit/an/sprabb6b/sprabb6b.pdf}}
}



@inproceedings{fullduplex3,
 author = {Bharadia, Dinesh and Katti, Sachin},
 title = {FastForward: Fast and Constructive Full Duplex Relays},
 booktitle = {Proceedings of the 2014 ACM Conference on SIGCOMM},
 series = {SIGCOMM '14},
 year = {2014},
 pages = {199--210}
} 

@inproceedings{fullduplex2,
 author = {Bharadia, Dinesh and Katti, Sachin},
 title = {Full Duplex MIMO Radios},
 booktitle = {Proceedings of the 11th USENIX Conference on Networked Systems Design and Implementation},
 series = {NSDI'14},
 year = {2014},
 pages = {359--372}
} 


@inproceedings{fullduplex1,
 author = {Bharadia, Dinesh and McMilin, Emily and Katti, Sachin},
 title = {Full Duplex Radios},
 booktitle = {Proceedings of the ACM SIGCOMM 2013 Conference on SIGCOMM},
 series = {SIGCOMM '13},
 year = {2013},
 pages = {375--386}
} 





@misc{farmbeat,
title = {Farm{B}eats: {I}o{T} for agriculture},
note={\url{https://www.microsoft.com/en-us/research/project/farmbeats-iot-agriculture/}}
}







@book{haykin2011modern,
  title={Modern wireless communications},
  author={Haykin, Simon S and Moher, Michael and Koilpillai, David},
  year={2011},
  publisher={Pearson Education India}
}


@inproceedings{acharya1995broadcast,
  title={Broadcast disks: data management for asymmetric communication environments},
  author={Acharya, Swarup and Alonso, Rafael and Franklin, Michael and Zdonik, Stanley},
  booktitle={ACM SIGMOD Record},
  volume={24},
  number={2},
  pages={199--210},
  year={1995},
  organization={ACM}
}

@article{acharya1995dissemination,
  title={Dissemination-based data delivery using broadcast disks},
  author={Acharya, Swarup and Franklin, Michael and Zdonik, Stanley},
  journal={IEEE Personal Communications},
  volume={2},
  number={6},
  pages={50--60},
  year={1995},
  publisher={IEEE}
}



@book{prasad2004ofdm,
  title={OFDM for wireless communications systems},
  author={Prasad, Ramjee},
  year={2004},
  publisher={Artech House}
}



@article{lorapub1,
  author    = {Marco Centenaro and
               Lorenzo Vangelista and
               Andrea Zanella and
               Michele Zorzi},
  title     = {Long-Range Communications in Unlicensed Bands: the Rising Stars in
               the IoT and Smart City Scenarios},
  journal   = {IEEE Wireless Communications},
  month = {October},
  year      = {2016}
}

@misc{oilffield,
note={\url{http://petrocloud.com/solutions/oilfield-monitoring/}}
}



@misc{linklab,
note={\url{http://www.link-labs.com/what-is-sigfox/}}
}



@misc{im880b,
title = {Lo{R}a i{M}880{B}-{L}},
note={\url{http://www.wireless-solutions.de/products/radiomodules/im880b-l}}
}

@misc{sx1301,
title = {Semtech {SX}1301},
note={\url{http://www.semtech.com/wireless-rf/rf-transceivers/sx1301/}}
}

@misc{semtech,
title = {Lo{R}a Modem Design Guide},
note={\url{http://www.semtech.com/images/datasheet/LoraDesignGuide_STD.pdf}}
}

@misc{bbbb,
note={\url{http://www.eng.auburn.edu/~roppeth/courses/TIMS-manuals-r5/TIMS%20Experiment%20Manuals/Student_Text/Vol-D1/D1-08.pdf}}
}


@misc{ieee154,
note={\url{http://standards.ieee.org/about/get/802/802.15.html}}
}

@misc{agriculture,
note={\url{http://www.nrcs.usda.gov/Internet/FSE_DOCUMENTS/stelprdb1043474.pdf}}
}

@misc{compatibility,
note={\url{https://github.com/Lora-net/LoRaMac-node/tree/v3.2}}
}


@misc{updated,
note={\url{https://github.com/Lora-net/LoRaMac-node/wiki/LoRaMAC-node-Wiki}}
}


@ARTICLE{pieee, 
author={C. Lu and A. Saifullah and B. Li and M. Sha and H. Gonzalez and D. Gunatilaka and C. Wu and L. Nie and Y. Chen}, 
journal={Proceedings of the IEEE}, 
title={Real-Time Wireless Sensor-Actuator Networks for Industrial Cyber-Physical Systems}, 
year={2016}, 
volume={104}, 
number={5}, 
pages={1013-1024}
}


@ARTICLE{iiot, 
author={Emiliano Sisinni and Abusayeed Saifullah and Song Han and Ulf Jennehag and Mikael Gidlund}, 
journal={IEEE Transactions on Industrial Informatics}, 
title={Industrial Internet of Things: Challenges, Opportunities, and Directions}, 
year={2018},
note={To appear in}
}



@misc{wifi,
title = {{IEEE} 802.11},
note={\url{http://www.ieee802.org/11}}
}

@misc{FCC_first_order,
note={FCC, ET Docket No FCC 08-260, November 2008}
}

@misc{fcc_second_order,
note={FCC, Second Memorandum Opinion and Order, ET Docket No FCC 10-174, September 2010}
}

@misc{4Africa,
note={\url{http://www.microsoft.com/africa/4afrika/}}
}

@misc{GoogleAfrica,
note={\url{https://sites.google.com/site/tvwsafrica2013/}}
}

@misc{IEE802_af,
note={\url{http://www.radio-electronics.com/info/wireless/wi-fi/ieee-802-11af-white-fi-tv-space.php}}
}

@misc{IEEE802_22,
title = {{IEEE} 802.22},
note={\url{http://www.ieee802.org/22/}}
}

@misc{IEE802_19,
title = {{IEEE} 802.19},
note={\url{http://www.ieee802.org/19/}}
}

@misc{ngmn,
title = {ngmn},
note={\url{http://www.ngmn.org}}
}

@misc{sigfox,
title={{SIGFOX}},
note={\url{http://sigfox.com}}
}


@misc{cc2420,
title = {{CC}2420 Chip},
note = {\url{http://www.ti.com/product/cc2420}}
}

@misc{blackman,
title={Understanding {FFT}s and Windowing},
note={\url{http://www.ni.com/white-paper/4844/en/}},
year={2015}
}

@misc{usrp,
note = {\url{http://www.ettus.com/product/details/UB210-KIT}}
}

@misc{dbreq,
title = {Spectrum {P}olicy {T}ask {F}orce {R}eports},
note={\url{http://www.fcc.gov/sptf/reports.html}}
}

@misc{Bluetooth,
note = {\url{http://www.bluetooth.com}},
title = {{B}luetooth}
}

@misc{cc1070, 
title={{CC}1070},
note={\url{http://www.ti.com/product/CC1070}}
}

@misc{gnuradio,   
title = {G{NU} {R}adio},
note = {\url{http://gnuradio.org}}
}

@misc{802154c, 
title={{IEEE} 802.15.4c},
note={\url{https://standards.ieee.org/findstds/standard/802.15.4c-2009.html}}
}

@misc{lorawan, 
title={Lo{R}a{WAN}},
note={\url{https://www.lora-alliance.org}}
}


@INPROCEEDINGS{LoRaleader1, 
author={J. P. Bardyn and T. Melly and O. Seller and N. Sornin}, 
booktitle={ESSCIRC Conference 2016: 42nd European Solid-State Circuits Conference}, 
title={IoT: The era of LPWAN is starting now}, 
year={2016}, 
pages={25-30}}

@misc{LoRaleader2, 
note={\url{https://www.i-scoop.eu/internet-of-things-guide/iot-network-lora-lorawan/}}
}







@misc{qualnet,   
	note = {\url{http://web.scalable-networks.com/content/qualnet}}
}

@misc{telosb,
title="Telos{B} {d}atasheet",
note={\url{http://www.xbow.com/Products/Product\_pdf\_files/Wireless\_ pdf/TelosB\_Datasheet.pdf}}
}

@misc{tinyos, 
title = "Tiny{OS}", 
note = {\url{http://www.tinyos.net}}
}

@misc{WH10000,
title={Wireless{HART} {S}ystem {E}ngineering {G}uide}, 
note={\url{http://www2.emersonprocess.com/siteadmincenter/PM%20Central%20Web%20Documents/EMR_WirelessHART_SysEngGuide.pdf}}
}

@inproceedings{ws_sigcomm09,
 author = {Bahl, Paramvir and Chandra, Ranveer and Moscibroda, Thomas and Murty, Rohan and Welsh, Matt},
 title = {White space networking with wi-fi like connectivity},
 booktitle = {SIGCOMM '09}
} 

@inproceedings{ws_dyspan11,
 author = {R. Balamurthi and H. Joshi and C. Nguyen and A. Sadek and S. Shellhammer and C. Shen},
 title = {A {TV} white space spectrum sensing prototype},
 booktitle = {DySpan '11}
}

@inproceedings{ws_dyspan08,
 author = {R. E. D. Borth and B. Oberlie},
 title = {Considerations for Successful Cognitive Radio Systems in {US TV} White Space},
 booktitle = {DySpan '08}
}

@inproceedings{channelwidth,
 author = {Chandra, Ranveer and Mahajan, Ratul and Moscibroda, Thomas and Raghavendra, Ramya and Bahl, Paramvir},
 title = {A Case for Adapting Channel Width in Wireless Networks},
 booktitle = {SIGCOMM '08}
 } 

@book{ofdmbook,
author={Chi-Tsong Chen},
title={System and Signal Analysis},
publisher={Thomson},
year={1988}
}


@book{ofdmbook2,
author={Ramjee Prasad},
title={O{FDM} for wireless communications systems},
publisher={Artech House},
year={2004}
}



@inproceedings{guangzhou,
 author = {D. Chen and S. Yin and Q. Zhang and M. Liu and S. Li},
 title = {Mining spectrum usage data: a large-scale spectrum measurement study},
 booktitle = {MobiCom '09}
} 

@inproceedings{wifinc,
 author = {Chintalapudi, Krishna and Radunovic, Bozidar and Balan, Vlad and Buettener, Michael and Yerramalli, Srinivas and Navda, Vishnu and Ramjee, Ramachandran},
 title = {Wi{F}i-{NC}: {W}i{F}i over Narrow Channels},
 booktitle = {NSDI '12}
} 

@inproceedings{ws_mobicom09,
 author = {S. Deb and V. Srinivasan and R. Maheshwar},
 title = {Dynamic spectrum access in {DTV} white spaces: Design rules, architecture and algorithms},
 booktitle = {MobiCom '09}
} 

@inproceedings{smack,
 author = {Dutta, Aveek and Saha, Dola and Grunwald, Dirk and Sicker, Douglas},
 title = {S{MACK}: A SMart ACKnowledgment Scheme for Broadcast Messages in Wireless Networks},
 booktitle = {SIGCOMM '09}
} 

@inproceedings{amac,
  title={Design and evaluation of a versatile and efficient receiver-initiated link layer for low-power wireless},
  author={Dutta, Prabal and Dawson-Haggerty, Stephen and Chen, Yin and Liang, Chieh-Jan Mike and Terzis, Andreas},
  booktitle={SenSys '10}
}

@inproceedings{database1,
author = {X. Feng and J. Zhang and Q. Zhang},
title = {Database-assisted multi-{AP} network on {TV} white spaces: Architecture, spectrum allocation and {AP} discovery},
booktitle = {DySpan '11}
}

@inproceedings{CTP,
 author = {Gnawali, Omprakash and Fonseca, Rodrigo and Jamieson, Kyle and Moss, David and Levis, Philip},
 title = {Collection Tree Protocol},
 booktitle = {SenSys '09}
}

@inproceedings{zigzag,
 author = {Gollakota, Shyamnath and Katabi, Dina},
 title = {Zigzag Decoding: Combating Hidden Terminals in Wireless Networks},
 booktitle = {SIGCOMM '08}
 } 

 @inproceedings{alignment,
 author = {Gollakota, Shyamnath and Perli, Samuel David and Katabi, Dina},
 title = {Interference Alignment and Cancellation},
 booktitle = {SIGCOMM '09}
} 

@inproceedings{database3,
 author = {D. Gurney and G. Buchwald and L. Ecklund and S. Kuffner and J. Grosspietsch},
 title = {Geo-location database techniques for incumbent protection in the {TV}},
 booktitle = {DySpan '08}
}

@inproceedings{sic,
 author = {Halperin, Daniel and Anderson, Thomas and Wetherall, David},
 title = {Taking the Sting out of Carrier Sense: Interference Cancellation for Wireless LANs},
 booktitle = {MobiCom '08}
} 

@inproceedings{singapore,
 author = {M. Islam and C. Koh and S. Oh and X. Qing and Y. Lai and C. Wang and Y. Liang and B. Toh and F. Chin and G. Tan and W. Toh},
 title = {Spectrum survey in {S}ingapore: Occupancy measurements and analyses},
 booktitle = {CrownCom '08}
} 

@inproceedings{europe,
 author = {V.D. Jaap and R. Janne and A. Andreas and M.Petri},
 title = {U{HF} white space in {E}urope: a quantitative study into the potential of the 470-790 {MH}z band},
 booktitle = {DySpan '11}
}

@inproceedings{fullduplex,
 author = {Jain, Mayank and Choi, Jung Il and Kim, Taemin and Bharadia, Dinesh and Seth, Siddharth and Srinivasan, Kannan and Levis, Philip and Katti, Sachin and Sinha, Prasun},
 title = {Practical, Real-time, Full Duplex Wireless},
 booktitle = {MobiCom '11}
} 

@inproceedings{ZebraNet,
 author = {Juang, Philo and Oki, Hidekazu and Wang, Yong and Martonosi, Margaret and Peh, Li Shiuan and Rubenstein, Daniel},
 title = {Energy-efficient computing for wildlife tracking: design tradeoffs and early experiences with {Z}ebra{N}et},
 booktitle = {ASPLOS-X '02}
 }

 @inproceedings{anc,
 author = {Katti, Sachin and Gollakota, Shyamnath and Katabi, Dina},
 title = {Embracing Wireless Interference: Analog Network Coding},
 booktitle = {SIGCOMM '07}
} 

@inproceedings{XOR,
  author = {Katti, Sachin and Rahul, Hariharan and Hu, Wenjun and Katabi, Dina and M{\'e}dard, Muriel and Crowcroft, Jon},
  title = {X{OR}s in the Air: Practical Wireless Network Coding},
  booktitle = {SIGCOMM '06}
} 

@inproceedings{ws_dyspan08_kim,
 author = {H. Kim and K. G. Shin},
 title = {Fast Discovery of Spectrum Opportunities in Cognitive Radio Networks},
 booktitle = {DySpan '08}
}

@inproceedings{ws_mobicom08,
 author = {H. Kim and K. G. Shin},
 title = {In-band Spectrum Sensing in Cognitive Radio Networks: Energy Detection or Feature Detection?},
 booktitle = {MobiCom '08}
} 

@inproceedings{GGB,
 author = {Kim, Sukun and Pakzad, Shamim and Culler, David and Demmel, James and Fenves, Gregory and Glaser, Steven and Turon, Martin},
 title = {Health monitoring of civil infrastructures using wireless sensor networks},
 booktitle = {IPSN '07}
 } 

 @inproceedings{mzig,
  author = {Linghe Kong and Xue Liu},
  title = {m{Z}ig: Enabling Multi-Packet Reception in {Z}ig{B}ee},
  booktitle = {MobiCom '15}
 } 

 @INPROCEEDINGS{Murphy, 
author={Langendoen, K. and Baggio, A. and Visser, O.},  
title={Murphy loves potatoes: experiences from a pilot sensor network deployment in precision agriculture},
booktitle={IPDPS '06}
}

@inproceedings{Bo,
  title={Realistic Case Studies of Wireless Structural Control},
  author={Li, B and Sun, Z and Mechitov, K and Lu, C and Dyke, D and Agha, G and Spencer, B},
  booktitle={ICCPS '13}
}

@inproceedings{FIWEX,
 author = {Liu, Dongxin and Wu, Zhihao and Wu, Fan and Zhang, Yuan and Chen, Guihai},
 title = {F{IWEX}: Compressive Sensing Based Cost-Efficient Indoor White Space Exploration},
 booktitle = {MobiHoc '15}
} 

@INPROCEEDINGS{hysim, 
author={Luo, Yuan and Gao, Lin and Huang, Jianwei},  
title={Hy{SIM}: A hybrid spectrum and information market for {TV} white space networks},
booktitle={INFOCOM '15}
}

@article{wsnlocalizationsurvey,
 author = {Mao, Guoqiang and Fidan, Bar\i\c{s} and Anderson, Brian D. O.},
 title = {Wireless Sensor Network Localization Techniques},
 journal = {Computer networks},
 volume = {51},
 number = {10},
 year = {2007},
 issn = {1389-1286},
 pages = {2529-2553}
} 

@inproceedings{testbed,
 author = {E. Meshkova and J. Ansari and D. Denkovski and J. Riihijarvi and J. Nasreddine and M. Pavloski and L. Gavrilovska and P. Mahonen},
 title = {Experimental spectrum sensor testbed for constructing indoor radio environmental maps},
 booktitle = {DySpan '11}
}

@inproceedings{database2,
 author = {R. Murty and R. Chandra and T. Moscibroda and P. Bahl},
 title = {Sense{L}ess: A database-driven white spaces network},
 booktitle = {DySpan '11}
}

@INPROCEEDINGS{citysense, 
author={Murty, R.N. and Mainland, G. and Rose, I. and Chowdhury, A.R. and Gosain, A. and Bers, J. and Welsh, M.}, 
title={City{S}ense: An Urban-Scale Wireless Sensor Network and Testbed},
booktitle={HST '08}
}

@inproceedings{uk,
 author = {M. Nekovee},
 title = {Quantifying the availability of {TV} white spaces for cognitive radio operation in the {UK}},
 booktitle = {ICC '09}
}

@inproceedings{shortindoor,
 author = {E. Obregon and J. Zander},
 title = {Short range white space utilization in broadcast systems for indoor environment},
 booktitle = {DySpan '10}
}

@misc{oversampling, 
  author={Purnachandar Poshala},
  Title = {Why {O}versample {W}hen {U}ndersampling {C}an {D}o {T}he {J}ob?},
	Note = {\url{http://www.ti.com/lit/an/slaa594a/slaa594a.pdf}, {A}pplication {R}eport, {T}exas {I}nstruments},
	year={2013}
}

@inproceedings{MSRAfrica,
  title={Connecting Africa Using the TV White Spaces: From Research to Real World Deployments},
  author={Sid Roberts and Paul Garnett and Ranveer Chandra},
  booktitle={LANMAN '15}
}

@INPROCEEDINGS{RTSS2015, 
author={Abusayeed Saifullah and Dolvara Gunatilaka and Paras Tiwari and Mo Sha and Chenyang Lu and Bo Li and Chengjie Wu and Yixin Chen}, 
booktitle={RTSS '15}, 
title={Schedulability analysis under graph routing for {W}ireless{HART} networks}
}

@inproceedings{capnet,
author = {Abusayeed Saifullah  and Sriram Sankar  and  Jie Liu and Chenyang Lu and Bodhi Priyantha and Ranveer Chandra},
title = {Cap{N}et: A real-Time Wireless Management Network for Data Center Power Capping}, 
booktitle = {RTSS '14}
}

@article{TECS,
 title={Near Optimal Rate Selection for Wireless Control Systems}, 
 author={Abusayeed Saifullah  and  Chengjie Wu and Paras Tiwari and You Xu and Yong Fu and Chenyang Lu and Yixin Chen},
 year={2013},
 journal = {ACM Transactions on Embedded Computing Systems},
 volume={13}, 
number={4s}, 
pages={1--25}
}




@article{pathloss,
 title={Studies on Electric field strength distribution of uhf television signal propagation in Ekiti State Nigeria}, 
 author={Olumuyiwa Oludare FAGBOHUN},
 year={2014},
 journal = {IOSR Journal of Electronics and Communication Engineering},
 volume={9}, 
number={2}, 
pages={111--121}
}





 @inproceedings{LPL,
 author = {Sha, Mo and Hackmann, Gregory and Lu, Chenyang},
 title = {Energy-efficient Low Power Listening for Wireless Sensor Networks in Noisy Environments},
 booktitle = {IPSN '13}
} 

@article{packethierarchical,
	Author = {Bennett, Jon C. R. and Zhang, Hui},
	Issue = {5},
	Journal = {IEEE/ACM Transactions on Networking},
	Pages = {675--689},
	Title = {Hierarchical packet fair queueing algorithms},
	Volume = {5},
	Year = {1997}
	}

@INPROCEEDINGS{802154m, 
author={Chin-Sean Sum and Ming-Tuo Zhou and Liru Lu and Funada, R. and Kojima, F. and Harada, H.},  
title={I{EEE} 802.15.4m: The first low rate wireless personal area networks operating in {TV} white space},
booktitle={ICON '12}
}

@inproceedings{RIMAC,
 author = {Sun, Yanjun and Gurewitz, Omer and Johnson, David B.},
 title = {R{I-MAC}: A Receiver-initiated Asynchronous Duty Cycle MAC Protocol for Dynamic Traffic Loads in Wireless Sensor Networks},
 booktitle = {SenSys '08}
} 

@INPROCEEDINGS{linkasymmetry, 
author={Sur, Sanjib and Zhang, Xinyu}, 
title={Bridging link power asymmetry in mobile whitespace networks},
booktitle={INFOCOM '15}
}

@inproceedings{GreatDuckIsland,
 author = {Szewczyk, Robert and Mainwaring, Alan and Polastre, Joseph and Anderson, John and Culler, David},
 title = {An analysis of a large scale habitat monitoring application},
 booktitle = {SenSys '04}
} 

@inproceedings{chicago,
 author = {T. Taher and R. Bacchus and K. Zdunek and D. Roberson},
 title = {Long-term spectral occupancy findings in {C}hicago},
 booktitle = {DySpan '11}
}

@book{wirelessbok,
author={David Tse and Pramod Viswanath},
title={Fundamentals of Wireless Communication},
publisher={Cambridge University Press},
year={2005}
}

@INPROCEEDINGS{videostreaming, 
author={Wang, Xiaoli and Chen, Jiasi and Dutta, Aveek and Chiang, Mung}, 
title={Adaptive video streaming over whitespace: {SVC} for 3-Tiered spectrum sharing},
booktitle={INFOCOM '15}
}

@inproceedings{indooroutdoor,
 author = {M. Wellens and J. Wu and P. Mahonen},
 title = {Evaluation of spectrum occupancy in indoor and outdoor scenario in the context of cognitive radio},
 booktitle = {CrownCom '07}
}

@inproceedings{Deployment_volcano,
 author = {Werner-Allen, Geoff and Lorincz, Konrad and Johnson, Jeff and Lees, Jonathan and Welsh, Matt},
 title = {Fidelity and yield in a volcano monitoring sensor network},
 booktitle = {OSDI '06}
 } 

 @INPROCEEDINGS{networkcoding, 
  author={Xiang, Qiao and Zhang, Hongwei and Wang, Jianping and Xing, Guoliang and Lin, Shan and Liu, Xue},  
  title={On optimal diversity in network-coding-based routing in wireless networks},
  booktitle={INFOCOM '15}
}

@inproceedings{ws_nsdi10,
 author = {L. Yang and W. Hou and L. Cao and B. Zhao and H. Zheng},
 title = {Supporting demanding wireless applications with frequency-agile radios},
 booktitle = {NSDI '10}
} 

@inproceedings{ws_mobicom13,
 author = {Xuhang Ying and Jincheng Zhang and Lichao Yan and Guanglin Zhang and Minghua Chen and Ranveer Chandra},
 title = {Exploring Indoor White Spaces in Metropolises},
 booktitle = {MobiCom '13}
} 

@INPROCEEDINGS{winet, 
author={Zhang, Jincheng and Zhang, Wenjie and Chen, Minghua and Wang, Zhi},  
title={W{INET}: Indoor white space network design},
booktitle={INFOCOM '15}
}

@inproceedings{vehiclebased,
 author = {Zhang, Tan and Leng, Ning and Banerjee, Suman},
 title = {A Vehicle-based Measurement Framework for Enhancing Whitespace Spectrum Databases},
 booktitle = {MobiCom '14}
} 

@inproceedings{WATCH,
 author = {Zhang, Xu and Knightly, Edward W.},
 title = {W{ATCH}: Wi{F}i in Active {TV} Channels},
 booktitle = {MobiHoc '15}
} 

@misc{nbiot,
note={\url{https://www.u-blox.com/en/narrowband-iot-nb-iot}}
}

@inproceedings{indoor1,
 author = {R. Obregon  and  L. Shi  and  J. Ferrer and J. Zander},
 title = {Experimental verification of indoor {TV} white space opportunity prediction model},
 booktitle = {CrownCom '10}
}



@INPROCEEDINGS{7299406,
author={P. Vepakomma and D. De and S. K. Das and S. Bhansali},
booktitle={2015 IEEE 12th International Conference on Wearable and Implantable Body Sensor Networks (BSN)},
title={A-Wristocracy: Deep learning on wrist-worn sensing for recognition of user complex activities},
year={2015},
pages={1-6}
}


@ARTICLE{7155432,
author={D. De and P. Bharti and S. K. Das and S. Chellappan},
journal={IEEE Internet Computing},
title={Multimodal Wearable Sensing for Fine-Grained Activity Recognition in Healthcare},
year={2015},
volume={19},
number={5},
pages={26-35}
}


@ARTICLE{7230223,
author={S. Khalifa and M. Hassan and A. Seneviratne and S. K. Das},
journal={IEEE Internet Computing},
title={Energy-Harvesting Wearables for Activity-Aware Services},
year={2015},
volume={19},
number={5},
pages={8-16}
}

@INPROCEEDINGS{7501682,
author={R. Kumar and A. Bayliff and D. De and A. Evans and S. K. Das and M. Makos},
booktitle={2016 IEEE International Conference on Smart Computing (SMARTCOMP)},
title={Care-Chair: Sedentary Activities and Behavior Assessment with Smart Sensing on Chair Backrest},
year={2016},
pages={1-8}
}


@INPROCEEDINGS{7501677,
author={F. Gu and J. Niu and S. K. Das and Z. He},
booktitle={2016 IEEE International Conference on Smart Computing (SMARTCOMP)},
title={An Efficient Method of Detecting Breathing Frequency While Running},
year={2016},
pages={1-8}
}


@ARTICLE{7549233,
author={N. Roy and C. Julien and A. Misra and S. K. Das},
journal={IEEE Systems, Man, and Cybernetics Magazine},
title={Quality and Context-Aware Smart Health Care: Evaluating the Cost-Quality Dynamics},
year={2016},
volume={2},
number={2},
pages={15-25}
}


@ARTICLE{7358455,
author={N. Roy and A. Misra and S. K. Das and C. Julien},
journal={IEEE/ACM Transactions on Networking},
title={Determining Quality- and Energy-Aware Multiple Contexts in Pervasive Computing Environments},
year={2016},
volume={24},
number={5},
pages={3026-3042}
}


@ARTICLE{7539530,
author={A. De Paola and P. Ferraro and S. Gaglio and G. Lo Re and S. Das},
journal={IEEE Transactions on Mobile Computing},
title={An Adaptive Bayesian System for Context-Aware Data Fusion in Smart Environments},
year={2016},
volume={PP},
number={99},
doi={10.1109/TMC.2016.2599158}
}

@article{Restuccia:2016:IMP:2925994.2888398,
 author = {Restuccia, Francesco and Das, Sajal K. and Payton, Jamie},
 title = {Incentive Mechanisms for Participatory Sensing: Survey and Research Challenges},
 journal = {ACM Trans. Sen. Netw.},
 issue_date = {May 2016},
 volume = {12},
 number = {2},
 year = {2016},
 pages = {13:1--13:40}
}


@ARTICLE{7287773,
author={T. Luo and S. S. Kanhere and S. K. Das and H. P. Tan},
  journal={IEEE Transactions on Mobile Computing},
 title={Incentive Mechanism Design for Heterogeneous Crowdsourcing Using All-Pay Contests},
  year={2016},
  volume={15},
  number={9},
  pages={2234-2246}
  }



@article{Luo:2016:IMD:2885506.2837029,
 author = {Luo, Tie and Das, Sajal K. and Tan, Hwee Pink and Xia, Lirong},
 title = {Incentive Mechanism Design for Crowdsourcing: An All-Pay Auction Approach},
 journal = {ACM Trans. Intell. Syst. Technol.},
 issue_date = {April 2016},
 volume = {7},
 number = {3},
 month = feb,
 year = {2016},
 pages = {35:1--35:26}
}


%%%%%%%%%%%%%%%%%%%%%%%%%%%


@INPROCEEDINGS{7440711,
author={A. Sturaro and S. Silvestri and M. Conti and S. K. Das},
booktitle={2016 International Conference on Computing, Networking and Communications (ICNC)},
title={Towards a realistic model for failure propagation in interdependent networks},
year={2016},
pages={1-7}
}



@ARTICLE{7588049,
author={S. Tan and D. De and W. Z. Song and J. Yang and S. K. Das},
journal={IEEE Communications Surveys Tutorials},
title={Survey of Security Advances in Smart Grid: A Data Driven Approach},
year={2016},
volume={PP},
number={99},
doi={10.1109/COMST.2016.2616442}
}


@ARTICLE{7425266,
author={S. Ciavarella and J. Y. Joo and S. Silvestri},
journal={IEEE Transactions on Smart Grid},
title={Managing Contingencies in Smart Grids via the Internet of Things},
year={2016},
volume={7},
number={4},
pages={2134-2141}
}


@INPROCEEDINGS{7523533,
author={F. Restuccia and A. Saracino and S. K. Das and F. Martinelli},
booktitle={2016 IEEE 17th International Symposium on A World of Wireless, Mobile and Multimedia Networks (WoWMoM)},
title={LVS: A WiFi-based system to tackle Location Spoofing in location-based services},
year={2016},
pages={1-4},
month={June}
}


@ARTICLE{7206548,
author={M. Tiloca and D. De Guglielmo and G. Dini and G. Anastasi and S. Das},
journal={IEEE Transactions on Dependable and Secure Computing},
title={JAMMY: a Distributed and Self-Adaptive Solution against Selective Jamming Attack in TDMA WSNs},
year={2015},
volume={PP},
number={99},
doi={10.1109/TDSC.2015.2467391}, 
ISSN={1545-5971}
}

@INPROCEEDINGS{7501689,
author={R. P. Barnwal and N. Ghosh and S. K. Ghosh and S. K. Das},
booktitle={2016 IEEE International Conference on Smart Computing (SMARTCOMP)},
title={Enhancing Reliability of Vehicular Participatory Sensing Network: A Bayesian Approach},
year={2016},
pages={1-8}
}


@article{pieee16,
  title={Real-time wireless sensor-actuator networks for industrial cyber-physical systems},
  author={Lu, Chenyang and Saifullah, Abusayeed and Li, Bo and Sha, Mo and Gonzalez, Humberto and Gunatilaka, Dolvara and Wu, Chengjie and Nie, Lanshun and Chen, Yixin},
  journal={Proceedings of the IEEE},
  volume={104},
  number={5},
  pages={1013--1024},
  month={May},
  year={2016}
}

@inproceedings{iwqos14,
 author = {Chengjie  Wu and Abusayeed Saifullah  and  Chenyang Lu   and Yixin Chen},
 title = {Analysis of {EDF} scheduling for wireless sensor-actuator networks},
 year={2014}, 
 pages = {31--40},
 month={May},
 booktitle = {Proceedings of the IEEE International Symposium of Quality of Service (IWQoS)}

 }

 @article{tc15,
 author = {Abusayeed Saifullah and  You Xu  and Chenyang Lu  and  Yixin Chen},
 title={End-to-end communication delay analysis in industrial wireless networks}, 
 journal={IEEE Transactions on Computers},
 volume={64}, 
 number={5}, 
 pages={1361--1374},
 month={May},
 year = {2014}
}

@INPROCEEDINGS{rtss15,
    author = {Abusayeed Saifullah and Dolvara Gunatilaka and Paras Tiwari and Mo Sha and Chenyang Lu and  Bo Li and Chengjie Wu and Yixin Chen},
    title = {Schedulability Analysis under Graph Routing in {W}ireless{HART} Networks},
    booktitle = {Proceedings of the IEEE Real-Time Systems Symposium (RTSS)},
    pages = {165--174},
    month={December},
    year={2015}
}

@inproceedings{iccps16,
  title={Wireless Routing and Control: a Cyber-Physical Case Study},
  author={Li, Bo and Ma, Yehan and Westenbroek, Tyler and Wu, Chengjie and Gonzalez, Humberto and Lu, Chenyang},
  booktitle={2016 ACM/IEEE 7th International Conference on Cyber-Physical Systems (ICCPS)},
  pages={1--10},
  month={April},
  year={2016}
}

@INPROCEEDINGS{iotdi16, 
author={C. Wu and D. Gunatilaka and A. Saifullah and M. Sha and P. B. Tiwari and C. Lu and Y. Chen}, 
booktitle={Proceedings of the 1st IEEE International Conference on Internet-of-Things Design and Implementation (IoTDI)}, 
title={Maximizing Network Lifetime of WirelessHART Networks under Graph Routing}, 
year={2016},
month={April},
pages={176-186}
}

@inproceedings{iccps15,
 author = {Li, Bo and Nie, Lanshun and Wu, Chengjie and Gonzalez, Humberto and Lu, Chenyang},
 title = {Incorporating Emergency Alarms in Reliable Wireless Process Control},
 booktitle = {Proceedings of the IEEE/ACM International Conference on Cyber-Physical Systems (ICCPS)},
 year = {2015},
 month={April},
 pages = {218--227}
}

@inproceedings{ewsn15,
 author = {M. Sha and D. Gunatilaka and C. Wu and C. Lu},
 title = {Implementation and Experimentation of Industrial Wireless Sensor-Actuator Network Protocols},
 booktitle = {Proceedings of the European Conference on Wireless Sensor Networks (EWSN)},
 pages = {234--241},
 month={February},
 year = {2015}
}

 




@inproceedings{mmac,
  title={MMAC: A mobility-adaptive, collision-free mac protocol for wireless sensor networks},
  author={Ali, Muneeb and Suleman, Tashfeen and Uzmi, Zartash Afzal},
  booktitle={Performance, Computing, and Communications Conference, 2005. IPCCC 2005. 24th IEEE International},
  pages={401--407},
  year={2005},
  organization={IEEE}
}

@inproceedings{mcmac,
  title={MCMAC: An optimized medium access control protocol for mobile clusters in wireless sensor networks},
  author={Nabi, Majid and Blagojevic, Milos and Geilen, Marc and Basten, Twan and Hendriks, Teun},
  booktitle={Sensor Mesh and Ad Hoc Communications and Networks (SECON), 2010 7th Annual IEEE Communications Society Conference on},
  pages={1--9},
  year={2010},
  organization={IEEE}
}

@inproceedings{msmac,
  title={An adaptive mobility-aware MAC protocol for sensor networks (MS-MAC)},
  author={Pham, Huan and Jha, Sanjay},
  booktitle={Mobile Ad-hoc and Sensor Systems, 2004 IEEE International Conference on},
  pages={558--560},
  year={2004},
  organization={IEEE}
}

@inproceedings{tdmamac,
  title={On the design of mobility-tolerant TDMA-based media access control (MAC) protocol for mobile sensor networks},
  author={Jhumka, Arshad and Kulkarni, Sandeep},
  booktitle={International Conference on Distributed Computing and Internet Technology},
  pages={42--53},
  year={2007},
  organization={Springer}
}

@inproceedings{mobisense,
  title={MobiSense: Power-efficient micro-mobility in wireless sensor networks},
  author={Gonga, Antonio and Landsiedel, Olaf and Johansson, Mikael},
  booktitle={Distributed Computing in Sensor Systems and Workshops (DCOSS), 2011 International Conference on},
  pages={1--8},
  year={2011},
  organization={IEEE}
}

@inproceedings{mamac,
  title={A mobility-aware medium access control protocol for wireless sensor networks},
  author={Zhiyong, Tang and Dargie, Waltenegus},
  booktitle={GLOBECOM Workshops (GC Wkshps), 2010 IEEE},
  pages={109--114},
  year={2010},
  organization={IEEE}
}

@article{mobility_survey2,
  title={A survey on mobility and mobility-aware MAC protocols in wireless sensor networks},
  author={Dong, Qian and Dargie, Waltenegus},
  journal={IEEE communications surveys and tutorials},
  volume={15},
  number={1},
  pages={88--100},
  year={2013},
  publisher={IEEE}
}

@inproceedings{xmac,
  title={X-MAC: a short preamble MAC protocol for duty-cycled wireless sensor networks},
  author={Buettner, Michael and Yee, Gary V and Anderson, Eric and Han, Richard},
  booktitle={Proceedings of the 4th international conference on Embedded networked sensor systems},
  pages={307--320},
  year={2006},
  organization={ACM}
}

@ARTICLE{smac, 
author={Wei Ye and J. Heidemann and D. Estrin}, 
journal={IEEE/ACM Transactions on Networking}, 
title={Medium access control with coordinated adaptive sleeping for wireless sensor networks}, 
year={2004}, 
volume={12}, 
number={3}, 
pages={493-506}
}

@inproceedings{lmac,
  title={Collision-free time slot reuse in multi-hop wireless sensor networks},
  author={Van Hoesel, Lodewijk and Havinga, Paul},
  booktitle={Intelligent Sensors, Sensor Networks and Information Processing Conference, 2005. Proceedings of the 2005 International Conference on},
  pages={101--107},
  year={2005},
  organization={IEEE}
}




@ARTICLE{JAMMY, 
author={Marco Tiloca and Domenico De Guglielmo and Gianluca Dini and Giuseppe Anastasi and Sajal K. Das}, 
journal={IEEE Transactions on Dependable and Secure Computing}, 
title={JAMMY: A Distributed and Dynamic Solution to Selective Jamming Attack in TDMA WSNs}, 
year={2017}, 
month={August}, 
volume={14}, 
number={4}, 
pages={392 --405}
}



@misc{wirelesshart,
 title={{W}ireless{HART}},
 year={2007},
 note={\url{https://www.fieldcommgroup.org/technologies/hart}}
}

@ARTICLE{jamming3, 
author={A. Mpitziopoulos and D. Gavalas and C. Konstantopoulos and G. Pantziou}, 
journal={IEEE Communications Surveys Tutorials}, 
title={A survey on jamming attacks and countermeasures in WSNs}, 
year={2009}, 
volume={11}, 
number={4}, 
pages={42-56}
}


@ARTICLE{jamming4, 
author={D. R. Raymond and S. F. Midkiff}, 
journal={IEEE Pervasive Computing}, 
title={Denial-of-Service in Wireless Sensor Networks: Attacks and Defenses}, 
year={2008}, 
volume={7}, 
number={1}, 
pages={74-81}
}


@INPROCEEDINGS{jamming5, 
author={A. D. Wood and J. A. Stankovic and G. Zhou}, 
booktitle={2007 4th Annual IEEE Communications Society Conference on Sensor, Mesh and Ad Hoc Communications and Networks}, 
title={DEEJAM: Defeating Energy-Efficient Jamming in IEEE 802.15.4-based Wireless Networks}, 
year={2007}, 
pages={60-69}
}


@ARTICLE{jamming6, 
author={A. Proano and L. Lazos}, 
journal={IEEE Transactions on Dependable and Secure Computing}, 
title={Packet-Hiding Methods for Preventing Selective Jamming Attacks}, 
year={2012}, 
volume={9}, 
number={1}, 
pages={101-114}
}


@article{jamming7,
 author = {Daidone, Roberta and Dini, Gianluca and Tiloca, Marco},
 title = {A Solution to the GTS-based Selective Jamming Attack on IEEE 802.15.4 Networks},
 journal = {Wirel. Netw.},
 volume = {20},
 number = {5},
 month = jul,
 year = {2014},
 pages = {1223--1235}
} 

@INPROCEEDINGS{jamming15, 
author={K. Pelechrinis and C. Koufogiannakis and S. V. Krishnamurthy}, 
booktitle={2009 7th International Symposium on Modeling and Optimization in Mobile, Ad Hoc, and Wireless Networks}, 
title={Gaming the jammer: Is frequency hopping effective?}, 
year={2009}, 
pages={1-10}
}




@ARTICLE{multipath_routing, 
author={H. Mustafa and X. Zhang and Z. Liu and W. Xu and A. Perrig}, 
journal={IEEE Transactions on Dependable and Secure Computing}, 
title={Jamming-Resilient Multipath Routing}, 
year={2012}, 
volume={9}, 
number={6}, 
pages={852-864}
}



@inproceedings{jamming9,
 author = {Lazos, Loukas and Liu, Sisi and Krunz, Marwan},
 title = {Mitigating Control-channel Jamming Attacks in Multi-channel Ad Hoc Networks},
 booktitle = {Proceedings of the Second ACM Conference on Wireless Network Security},
 series = {WiSec '09},
 year = {2009},
 pages = {169--180}
} 


@inproceedings{harrison2015whitespace,
  title={Whitespace Evaluation SofTware (WEST) and its applications to whitespace in Canada and Australia},
  author={Harrison, Kate and Muthukumar, Vidya and Sahai, Anant},
  booktitle={Dynamic Spectrum Access Networks (DySPAN), 2015 IEEE International Symposium on},
  pages={47--58},
  year={2015},
  organization={IEEE}
}

@inproceedings{whitecell,
  title={WhiteCell: Energy-efficient use of unlicensed frequency bands for cellular offloading},
  author={Cui, Pengfei and Tonnemacher, Matthew and Rajan, Dinesh and Camp, Joseph},
  booktitle={Dynamic Spectrum Access Networks (DySPAN), 2015 IEEE International Symposium on},
  pages={188--199},
  year={2015},
  organization={IEEE}
}

@article{kumar,
  title={Toward enabling broadband for a billion plus population with TV white spaces},
  author={Kumar, Animesh and Karandikar, Abhay and Naik, Gaurang and Khaturia, Meghna and Saha, Shubham and Arora, Mahak and Singh, Jaspreet},
  journal={IEEE Communications Magazine},
  volume={54},
  number={7},
  pages={28--34},
  year={2016},
  publisher={IEEE}
}

@inproceedings{zhang2015design,
  title={The design and implementation of a wireless video surveillance system},
  author={Zhang, Tan and Chowdhery, Aakanksha and Bahl, Paramvir Victor and Jamieson, Kyle and Banerjee, Suman},
  booktitle={Proceedings of the 21st Annual International Conference on Mobile Computing and Networking},
  pages={426--438},
  year={2015},
  organization={ACM}
}

@inproceedings{saeed2017local, 
  title={Local and Low-Cost White Space Detection},
  author={Saeed, Ahmed and Harras, Khaled A and Zegura, Ellen and Ammar, Mostafa},
  booktitle={Distributed Computing Systems (ICDCS), 2017 IEEE 37th International Conference on},
  pages={503--516},
  year={2017},
  organization={IEEE}
}


@inproceedings{hasan2014gsm,
  title={GSM whitespaces: An opportunity for rural cellular service},
  author={Hasan, Shaddi and Heimerl, Kurtis and Harrison, Kate and Ali, Kashif and Roberts, Sean and Sahai, Anant and Brewer, Eric},
  booktitle={Dynamic Spectrum Access Networks (DYSPAN), 2014 IEEE International Symposium on},
  pages={271--282},
  year={2014},
  organization={IEEE}
}



